2274 3086
347 202 502 254 MEDEA.
537 203 626 253 nc'l'.
644 203 692 254 lll.
875 204 927 258 225

125 307 232 360 incerta
244 304 330 372 qualis
341 302 456 354 entheos
466 318 562 353 cursus
573 305 644 364 trrlit,

125 377 191 426 Cum
202 375 257 424 iam
269 380 381 438 recepto
390 373 504 422 Maenas
514 373 615 420 insanit
625 373 686 434 deo,

124 443 203 504 Pindi
214 442 308 492 nivalis
319 442 435 498 vertice,
447 447 495 489 aut
505 439 598 504 Nysae
608 441 691 508 lugiet
877 443 928 494 385

126 513 201 563 Talis
212 515 337 560 recursat
348 507 400 558 lruo
411 515 439 558 et
451 507 504 559 hue
514 515 590 558 motu
601 509 696 572 effero,

125 581 238 632 Furoris
249 593 297 627 ore
308 579 386 642 signa
395 576 530 642 lymphati
539 593 645 644 gerens

126 648 280 700 Flammata
290 645 375 696 iacies
386 647 508 710 spiritum
521 660 554 696 ox
568 646 623 695 alto
636 648 717 706 citat3

127 715 300 774 Proclamat;
311 714 404 764 oculos
415 713 491 764 uberi
504 713 569 764 lletu
580 716 664 779 ἠμῖς

127 783 252 836 Renidet.
289 783 382 834 Omnis
393 785 530 848 specimen
542 783 667 833 adlectus
678 785 766 849 capit:
879 785 931 837 390

128 854 248 912 Haeret,
259 852 389 911 minatur,
402 856 523 910 aestuat,
540 851 674 916 queritur,
686 853 778 917 gemit.

131 922 192 983 Quo
203 919 309 986 pondus
320 920 400 968 animi
410 917 521 985 vergctl
542 919 588 968 ubi
597 925 682 984 ponet
690 920 795 974 mlnaal

131 991 182 1040 Ubi
193 1004 222 1038 se
233 989 286 1038 iste
297 985 394 1037 linctus
405 985 530 1055 frangeti
552 988 681 1038 Exundav
690 988 776 1040 furor.

130 1058 192 1110 Non
203 1056 283 1106 facile
294 1071 386 1110 secum
399 1062 491 1106 versat
501 1061 548 1105 aut
557 1056 675 1106 medium
686 1058 782 1109 scelus.

132 1125 167 1178 Se
178 1127 281 1176 vincet:
292 1127 350 1176 irae
361 1126 450 1174 norim
471 1141 484 1174 s
495 1129 603 1176 veteres
612 1132 700 1176 notas.
881 1129 932 1182 395

131 1196 261 1260 Magnum
273 1194 373 1260 aliquid
383 1141 476 1256 install,
488 1193 611 1256 efferum,
622 1196 878 1262 imnrane,impium:

131 1264 244 1315 Vultum
254 1261 354 1312 luroris
367 1278 457 1312 cerno.
493 1262 529 1312 Di
540 1263 636 1313 fallant
646 1265 760 1314 metum!

99 1391 101 1395 ¹
131 1345 206 1382 nuo.
219 1330 247 1380 Si
258 1331 566 1397 quaeris‚odio,misera‚
574 1347 653 1398 quem
664 1339 770 1386 statuas
780 1335 903 1386 modum:

130 1401 241 1450 Imitare
254 1413 382 1450 amorem.
419 1400 519 1466 Regias
530 1405 606 1466 egon’
618 1406 649 1450 ut
659 1399 735 1452 laces

130 1469 221 1519 lnulta
232 1466 337 1534 patiani
358 1469 448 1533 segnis
459 1466 502 1518 hic
513 1469 563 1516 ibit
574 1467 640 1530 dies,
882 1472 935 1521 4⁰⁰

133 1537 225 1586 Tanto
236 1538 336 1600 petitus
348 1535 463 1594 ambitu,
473 1541 550 1584 tanto
563 1533 659 1586 datus?

132 1605 204 1656 Dum
216 1610 290 1655 terre
300 1603 405 1654 coelum
417 1603 506 1654 media
516 1604 642 1654 libratum
655 1603 735 1669 lieret,

132 1673 294 1738 Nitidusque
306 1679 394 1723 certas
405 1673 520 1722 mundus
530 1673 638 1722 evolvet
648 1676 730 1734 vices,

133 1742 321 1807 Numerusquc
333 1744 422 1790 arenis
432 1741 532 1801 deerit,
545 1748 572 1790 et
583 1741 667 1790 solem
679 1741 745 1804 dies,

49 1827 55 1836 ·
132 1810 249 1862 Noctem
260 1813 410 1873 sequentur
418 1814 507 1870 estra;
519 1808 582 1857 dum
593 1800 680 1859 siccas
693 1810 771 1876 polus
883 1813 934 1864 lon

132 1878 264 1930 Versabit
275 1878 386 1938 Arctos,
397 1875 507 1926 llumina
516 1877 542 1925 in
553 1877 665 1942 pontum
677 1877 788 1930 cadent:

133 1946 277 2012 Nunquam
289 1959 365 1995 meus
376 1945 494 1995 cessabit
504 1947 530 1994 in
542 1959 645 2011 poenas
655 1945 741 2010 furor,

135 2017 301 2080 crescetque
312 2029 426 2078 semper.
462 2015 540 2074 Quae
551 2014 669 2065 ferarum
681 2017 844 2081 immanitas,

136 2085 215 2145 Quae
226 2080 330 2148 Scylla,
342 2091 411 2150 quae
422 2081 589 2148 Charybdis,
599 2085 745 2136 Ausonium
755 2101 830 2138 mare

134 2149 307 2218 Siculumque
318 2152 444 2213 sorbens,
457 2151 868 2222 quaeveanlrelantempremens
883 2159 936 2209 41⁰

135 2221 235 2270 Titana
244 2222 327 2270 tantis
337 2222 425 2271 Aetna
433 2220 550 2271 fervebit
560 2220 655 2272 mini'si

133 2289 195 2340 Non
208 2290 318 2355 rapidus
330 2292 429 2352 amnis,
440 2305 494 2340 nan
505 2290 685 2356 procellosum
697 2307 781 2358 mare,

133 2357 239 2409 Pontus
258 2373 292 2409 uc
304 2360 375 2409 Coro
386 2375 497 2420 saevus,
509 2365 557 2409 aut
567 2361 607 2410 vis
617 2361 719 2426 ignium

133 2425 233 2476 Adiuta
241 2375 323 2488 latu,
334 2429 421 2492 possit
431 2426 553 2480 inhibere
564 2427 694 2494 impetum

133 2495 246 2560 irasque
256 2502 377 2546 nostras:
389 2502 508 2547 sternam
519 2502 548 2546 et
557 2504 677 2548 evertam
689 2499 792 2548 omnial
885 2500 936 2551 415

134 2563 238 2613 'l'imuit
251 2565 394 2614 Creontem
404 2580 438 2614 ae
448 2565 520 2614 bella
529 2563 681 2616 Thessalici
692 2565 784 2619 ducisi
851 2592 856 2609 ι

133 2631 218 2683 Amor
227 2632 323 2683 timere
334 2634 467 2684 neminem
478 2647 558 2684 verus
568 2639 668 2698 potest.

134 2697 189 2753 Sed
202 2703 316 2753 cesserit
326 2707 453 2766 coactius,
462 2707 492 2753 et
503 2701 609 2752 dederit
619 2697 727 2754 manusc

959 581 964 607 i
