2274 3086
222 197 272 248 nos
437 195 471 246 n.
496 193 653 246 sonim
672 161 864 264 sennenn

284 313 333 350 un.
344 298 439 349 Virtus
450 298 554 364 Ulyssis
565 297 696 348 Danaidis
708 302 774 348 nota
786 303 828 348 est
838 299 915 360 satis,

280 366 418 434 Nimisque
429 365 593 433 Phrygibus.
628 365 689 415 Non
701 371 781 416 vacat
791 368 867 418 vanis
879 367 950 418 diem

280 437 427 487 Contererc
437 435 538 485 verbis:
550 444 665 484 ancoras
676 434 770 484 classis
781 434 857 501 legit.
958 442 960 446 '

279 517 379 554 anon.
397 505 513 554 Brevem
524 500 628 553 mordm
637 502 751 569 largire,
768 503 831 552 dum
843 504 962 555 officium
974 519 1024 571 ps·

751 585 814 620 rens

219 637 270 689 165
284 637 375 690 Gnato
386 655 541 706 supremum
551 639 651 700 reddo,
663 643 691 689 et
702 639 826 705 amplexu
838 639 933 690 ultimo

203 723 206 730 ’
279 708 379 757 lividos
391 707 498 759 dolores
508 709 587 758 satio.
624 721 674 757 uu.
694 707 819 758 Misereri
830 708 870 756 tui

281 775 388 826 Utinam
401 775 509 828 liceret!
530 776 609 838 Quod
621 781 712 828 tamen
723 776 812 826 solum'
821 775 894 838 licet,

281 843 402 910 Tempus
413 861 571 912 moramque
582 844 713 894 dabimus.
749 843 866 894 Arbitrio
878 849 926 895 tuo

281 913 397 978 lmplere
407 914 538 964 lacrimis:
551 912 630 963 fletus
642 927 784 962 aerumnas
796 912 876 962 levat.

222 981 273 1030 7¹1⁰
286 995 325 1030 sn
334 995 384 1030 ns.
397 983 420 1031 0
434 983 511 1032 dulce
523 980 632 1048 pignus!
655 981 766 1032 odccus
778 981 870 1047 lapsae
882 980 988 1044 domus,

284 1047 476 1118 Summumque
489 1052 589 1100 Troiae
601 1048 694 1100 funus!
707 1065 723 1100 o
734 1049 860 1100 Danaum
871 1049 964 1102 timor!

284 1116 430 1168 Genitn'ois
440 1134 455 1168 o
467 1133 529 1183 spes
540 1134 622 1178 vana,
638 1119 679 1168 cui
693 1117 802 1168 demens
814 1131 865 1186 ego

282 1185 393 1236 Laudes
406 1188 526 1252 parentis
535 1187 660 1248 bellicas,
672 1201 757 1236 annos
769 1187 812 1236 ari

283 1253 390 1305 Medios
402 1254 545 1320 precabar!
567 1255 641 1306 Vota
653 1255 775 1306 destituit
785 1255 859 1305 deus.

223 1321 274 1386 115
286 1321 369 1373 iliaca
379 1339 433 1378 nou
444 1329 474 1373 tu
484 1329 594 1389 sceptra
604 1324 688 1390 regali
700 1330 796 1388 potens
854 1337 877 1358 ⁶

285 1391 412 1444 Gestabis
423 1393 497 1454 aula3
509 1393 569 1442 iura
580 1407 630 1442 nec
640 1391 844 1458 populisdabis}

283 1461 432 1528 victasque
443 1467 539 1529 gentes
549 1461 598 1511 sub
611 1466 686 1512 tuum
700 1461 789 1510 mittes
799 1462 905 1526 iugum3

282 1527 344 1578 Non
356 1529 441 1580 Graio
451 1529 549 1580 caedes
559 1535 653 1596 terga,
665 1543 719 1578 non
731 1527 866 1593 Pyrrhum
876 1527 984 1594 trahes3

283 1595 344 1646 Non
355 1611 432 1648 arma
444 1603 538 1648 tenera
549 1613 634 1662 parva
644 1597 775 1648 tractabis
786 1613 875 1659 manu,

222 1665 272 1716 180
284 1663 452 1730 Sparsascue
462 1667 563 1731 passim
575 1666 688 1716 saltibus
698 1666 760 1716 latis
771 1665 843 1718 feras

279 1734 375 1784 Audax
386 1741 519 1802 sequeris3
531 1749 594 1796 nec,
606 1741 680 1784 stato
690 1735 768 1784 lustri
779 1735 822 1785 dic

281 1801 406 1854 Solemne
419 1803 540 1854 referens
552 1805 644 1854 'l‘roici
656 1804 729 1853 lusus
741 1819 857 1865 sacrum,

279 1870 353 1921 Puer
365 1873 462 1923 citatas
474 1872 570 1922 nobilis
582 1877 685 1922 turmas
698 1886 776 1937 ages3

278 1938 339 1988 Non
350 1941 422 1989 inter
433 1956 494 1990 aras
504 1940 594 1990 mobili
606 1941 686 1990 velox
698 1940 775 2005 pede,

220 2007 270 2056 185
281 2007 437 2058 Revocante
448 2007 519 2058 flexo
532 2011 655 2059 concitos
666 2023 750 2058 cornu
762 2007 868 2071 modos,

279 2075 429 2124 Barbarica
439 2077 528 2140 priseo
539 2077 641 2142 templa
652 2077 752 2128 saltatu
765 2077 847 2128 coles.
858 2105 890 2114 —

245 2189 254 2198 ,
280 2144 303 2193 0
315 2150 402 2193 morte
414 2144 473 2194 dira
483 2147 586 2196 tristius
597 2145 644 2196 leti
655 2144 753 2212 genus!

278 2211 408 2262 Flebilius
420 2212 519 2278 aliquid
528 2215 657 2265 Hectoris
668 2215 758 2280 magni
769 2228 835 2264 nece

279 2280 352 2330 Muri
362 2279 498 2330 videbunt.
533 2295 584 2331 un.
594 2283 698 2348 Rumpe
709 2284 764 2332 iam
775 2281 854 2334 fletus
865 2281 976 2348 parens!

219 2347 269 2398 1911
281 2349 398 2414 Magnus
408 2348 458 2398 sibi
469 2350 526 2413 ipse
537 2365 590 2400 non
602 2349 669 2400 facit
679 2352 760 2400 linem
771 2351 858 2401 dolor.

278 2430 379 2468 ason.
397 2415 544 2480 Lacrimis,
559 2419 670 2484 Ulysse,
687 2435 784 2484 parva,
801 2435 881 2485 quarn
892 2421 1020 2487 petimus,

674 2503 751 2537 mora
762 2494 811 2538 est.

280 2552 418 2614 concede,
430 2528 529 2619 parvos
542 2560 574 2604 ut
584 2568 645 2604 mea
657 2555 772 2605 condam
782 2569 863 2606 manu

278 2621 402 2672 Viventis
414 2621 520 2672 oeulosl
531 2649 563 2660 —-
577 2623 685 2672 Occidis
697 2638 795 2687 parvus
806 2623 923 2688 quidem,

280 2687 334 2740 Sed
344 2692 397 2740 iam
408 2690 549 2742 timendus.
587 2691 673 2741 Troia
684 2697 712 2742 te
723 2697 853 2758 expectat
863 2697 921 2742 tua.
