2280 3088
233 226 282 276 128
436 221 469 274 L.
487 221 642 274 ANNAEl
661 220 850 276 SENECAE

293 340 385 376 uren.
404 326 502 376 Procul
511 326 663 392 impudicos
675 341 818 392 corporea
831 333 908 378 casto
919 341 1016 379 emove

233 397 283 446 105
295 394 411 446 Tactus!
433 395 503 456 Quid
515 393 568 444 lroc
578 393 635 445 esti
648 395 729 446 etiam
741 397 767 444 in
779 396 918 462 amplexus
930 395 1000 446 ruiti

293 463 449 530 stringetur
459 465 543 514 ensis:
554 465 654 512 merita
664 464 796 530 supplicia
807 466 907 532 exigat.

292 533 348 594 En,
358 531 522 598 impudicum
534 533 607 581 crine
619 537 747 582 contorto
759 539 842 600 caput

292 601 386 650 Laeva
396 599 488 651 rellexi
498 616 503 648 :
514 601 611 650 iustior
622 615 756 666 nunquam
767 599 837 650 locis

292 669 380 719 Datus
391 670 445 718 tuis
455 674 498 718 est
510 669 632 734 sanguis,
644 669 796 719 arcitenens
807 667 870 718 dee!

232 739 283 788 110
295 751 346 788 ru.
366 737 530 804 Hippolyte,
542 752 612 786 nunc
623 751 667 785 me
678 743 832 802 compotem
843 738 899 786 voti
911 735 992 787 faciei

292 806 378 858 Sanus
389 804 532 856 furentem.
568 806 657 855 Maius
669 802 721 854 hoc
732 811 797 855 voto
810 820 871 854 meo
882 811 934 866 est,

292 873 372 925 Salvo
384 880 415 922 ut
425 874 529 940 pudore
541 874 663 924 manibus
673 875 812 924 immorim·
821 875 882 924 tuis.

292 957 382 992 rerer.
402 942 536 993 Abscede!
557 943 629 992 rive:
641 959 674 992 ne
686 943 747 1008 quid
760 957 871 1005 exores3
883 953 911 993 et
922 939 966 992 lric

293 1013 442 1062 contactus
453 1012 523 1061 ensis
536 1010 645 1060 deseret
656 1017 759 1060 castum
772 1009 856 1060 latus!

232 1080 283 1130 115
296 1080 362 1140 Quis
375 1079 447 1128 eluet
458 1095 500 1128 me
513 1077 632 1128 Tanaisi
653 1085 701 1130 aut
711 1095 780 1146 quae
791 1079 914 1129 barbaris

293 1149 411 1198 Maeotis
420 1147 498 1197 undis
509 1147 624 1197 Pontico
636 1149 793 1199 incumbens
804 1146 888 1198 marii

292 1216 352 1267 Non
361 1218 418 1282 ipse
429 1221 488 1266 toto
500 1231 614 1283 magnus
627 1216 736 1267 Oceano
749 1223 827 1283 pater

293 1287 412 1334 Tantum
424 1285 540 1350 expiarit
551 1285 668 1335 sceleris.
706 1287 730 1335 0
741 1285 836 1337 silvael
860 1284 974 1336 clerae!

293 1367 343 1404 ru.
367 1353 508 1419 Deprensa
518 1353 598 1420 culpe
608 1361 663 1414 est,
675 1354 774 1405 anime!
793 1383 824 1392 -—
840 1367 941 1404 noun.
960 1352 1031 1414 Quid

302 1468 306 1477 .
476 1427 481 1437 '
617 1425 705 1489 segnis
716 1422 825 1488 stupesi

231 1494 282 1542 120
293 1493 459 1558 Regeramus
469 1491 520 1556 ipsi
530 1491 644 1552 crimen,
656 1497 736 1557 etque
747 1493 818 1542 ultro
829 1492 938 1556 impiam

292 1559 427 1611 Venerem
438 1573 591 1625 arguamus.
609 1558 717 1610 Scelere
728 1561 869 1611 velandum
880 1565 923 1609 est
933 1558 1030 1609 scelus.

292 1629 470 1680 Tutissimum
482 1633 524 1677 est
533 1627 647 1689 inferre,
659 1643 719 1677 oum
730 1631 840 1692 timeas,
852 1629 973 1696 gradum.

289 1700 378 1748 Ausae
389 1699 493 1763 priores
504 1698 600 1758 simus,
613 1711 645 1746 en
656 1713 753 1764 passae
765 1698 851 1760 netas,

291 1765 404 1818 Secreta
415 1781 474 1815 cum
487 1767 523 1815 sit
534 1765 624 1830 culpe,
637 1767 695 1832 quis
708 1768 785 1817 testis
796 1764 881 1817 scietl

230 1835 281 1884 125
293 1835 404 1896 Adeste,
416 1833 549 1885 Athenae!
572 1835 627 1884 lida
637 1833 799 1885 lanrulornm
810 1851 914 1896 manus,

289 1905 343 1954 Fer
354 1901 446 1970 opem!
467 1902 576 1952 nefandi
587 1910 682 1968 raptor·
692 1904 859 1970 Hippolytus
869 1903 954 1968 stupri

290 1974 389 2034 lnstet,
401 1972 567 2036 premitque3
579 1973 673 2022 mortis
684 1975 800 2024 intentat
810 1979 925 2033 metum3

288 2041 373 2091 Ferro
384 2040 509 2106 pudicam
521 2039 618 2088 terret!
642 2042 694 2103 En,
706 2057 837 2108 praeceps
849 2041 914 2103 abit,

288 2111 442 2174 Ensemque
454 2107 559 2172 trepide
569 2107 646 2174 liquit
657 2113 788 2161 attonitus
799 2108 877 2176 luga!

227 2176 278 2226 130
289 2177 390 2243 Pignus
401 2183 523 2226 tenemus
533 2175 650 2227 sceleris.
687 2179 765 2228 Hanc
776 2184 909 2229 moestam
921 2180 995 2243 prius

288 2243 434 2296 Recreatel
448 2245 534 2294 Crinis
544 2250 648 2294 tractus
660 2253 688 2296 et
698 2248 805 2298 lacerae
816 2262 925 2307 comae,
951 2243 954 2253 ¹

287 2315 323 2365 Ut
334 2319 404 2375 sunt,
417 2318 587 2374 remaneant,
598 2312 727 2366 facinoris
739 2318 807 2367 tanti
819 2322 909 2366 notae.

287 2382 412 2434 Perferte
421 2383 449 2431 ia
460 2381 565 2431 urbem!
577 2409 609 2418 —
621 2383 722 2450 Recipe
731 2387 785 2436 iem
797 2393 905 2445 tensus,
917 2381 998 2433 hecel

287 2451 358 2513 Quid
368 2457 396 2500 te
405 2452 467 2515 ipsa
476 2449 598 2500 lacerans
610 2454 728 2502 omnium
739 2453 883 2519 adspectus
894 2449 981 2518 fugisl

225 2519 276 2572 135
287 2521 365 2573 Mens
376 2518 539 2586 impudicam
550 2517 656 2582 lacere,
667 2537 720 2572 non
733 2537 826 2584 casus,
841 2521 911 2572 solet
