2274 3086
480 329 859 400 ARGUMENTUM.

322 447 443 498 Deianira,
454 447 545 498 indigne
556 447 632 490 terens
642 450 685 491 sitsi
701 449 824 503 praelatam
838 451 905 495 Iolen
914 455 1006 510 Euryti
1021 462 1075 513 regis

267 501 385 546 Oechaliae
396 503 476 553 tiliam,
488 501 581 544 Herculi
593 506 690 546 tunicam
702 507 773 546 mittit
782 507 1075 564 imbutamsangutnncen.

266 559 326 600 tauri
337 557 413 608 Nessi,
423 562 507 612 sagitta
518 557 623 600 llerculis
634 559 718 612 hydrae
729 559 784 602 felle
795 563 866 605 tincta
880 564 1019 620 munerati,
1031 572 1074 611 eiti-

266 615 408 657 cacissimum
426 616 520 657 credens
534 613 643 668 philtrum
662 629 812 669 praesensque
831 623 915 662 amoris
934 627 1073 668 remedium

267 671 325 722 quosl
335 669 398 714 illam
409 675 525 713 monuerat
535 671 632 712 moriens
646 669 741 712 Nessus.
759 673 828 719 ‘tinem
844 673 952 718 simulac
962 669 1074 722 induisset

266 727 290 766 in
300 726 389 768 Cenaeo
401 727 506 770 Euboeae
517 727 671 780 promontorio
683 728 849 770 sacrificaturus
860 730 990 783 Hercules,
1003 737 1073 788 ignea

266 783 366 836 concipit
375 785 448 831 virus,
459 784 572 834 vestisque
582 783 670 832 corpori
681 781 826 824 adhaerentis
840 789 918 827 aestus
934 801 1033 831 earnem
1045 805 1074 832 os.

265 851 334 890 saque
344 840 448 881 absumit.
469 837 537 881 Nessi
553 836 632 878 temne
647 835 765 878 intellecta
779 843 873 880 mortem
890 842 935 882 sibi
952 848 1075 888 consciscit

267 895 382 937 Deianira.
400 894 520 942 Hercules,
531 892 652 934 interfecto
663 891 746 940 Licha,
758 895 794 945 qui
807 907 885 936 munus
900 895 975 940 letale
990 900 1073 941 attule.

265 956 313 1000 rat,
324 952 415 992 manslat
425 951 577 996 Philoctetae,
595 948 629 988 cui
644 949 741 988 moriens
757 962 832 990 arcum
843 953 866 989 et
876 953 978 1002 sagittas
995 957 1073 1001 tradit,

265 1007 353 1049 exstrui
365 1007 408 1047 sibi
419 1008 441 1048 in
452 1012 526 1048 monte
537 1007 593 1047 Oeta
603 1015 693 1056 pyram,
704 1003 727 1043 in
738 1017 815 1056 quase
826 1018 874 1045 carm
886 1005 953 1048 clava
963 1022 992 1050 ac
1000 1009 1072 1052 lconis

264 1061 327 1114 pelle
338 1066 430 1103 cremet.
446 1061 566 1102 Alcmenae
578 1060 675 1111 denique
686 1061 752 1099 matri
763 1063 870 1112 apparet,
881 1062 1007 1117 ipsamque
1024 1079 1072 1109 m.

264 1115 350 1158 soletur
359 1117 404 1157 iem
414 1117 437 1156 in
448 1115 554 1158 coelitum
565 1127 678 1156 numerum
690 1115 826 1168 adscriptus.

528 1217 674 1225 ...ψ-ω...

384 1299 953 1370 ALIUD‘ARGUMENTUM

446 1403 714 1461 maeonius
734 1403 879 1456 annai.

332 1505 496 1556 Magnanimum
506 1506 613 1554 Alciden,
624 1509 696 1547 totum
707 1508 744 1559 qui
754 1507 840 1548 viribus
850 1506 926 1553 ortem

332 1561 464 1609 Presserat,
475 1563 534 1604 unde
546 1563 617 1602 oritur
629 1561 711 1610 Titan,
723 1575 808 1615 queque
819 1573 887 1603 aurea
897 1563 979 1605 cendit

332 1617 439 1665 Lumina,
450 1619 521 1659 maior
531 1617 600 1658 Amor
610 1619 661 1668 iupa
671 1619 711 1658 sub
723 1631 763 1659 sua
772 1618 835 1658 misit
845 1621 962 1660 ovanteme
990 1659 994 1668 ,

332 1671 433 1724 Namque
442 1670 507 1715 Iolen
518 1675 566 1714 toto
577 1674 681 1726 concepit
691 1677 796 1725 pectore,
808 1671 878 1713 solam

289 1729 301 1767 5
330 1726 374 1769 Ille
384 1727 449 1770 Iolen
461 1731 542 1782 poscit,
552 1727 613 1770 Ioles
625 1741 711 1781 quoque
722 1729 811 1768 nomine
822 1728 911 1780 gaudet.

332 1784 362 1824 At
371 1785 450 1835 regina
461 1787 534 1840 (suum
546 1786 595 1837 quis
606 1785 664 1825 enim
676 1783 758 1824 celavit
768 1785 890 1837 amoreml)

331 1841 440 1882 Deianira
451 1854 520 1882 novos
531 1841 645 1894 persensit
656 1840 756 1890 coniugis
766 1840 841 1890 ignes:

330 1895 414 1936 Fertur
424 1897 491 1948 inops
501 1897 592 1944 mentis,
604 1896 709 1947 vernique
719 1896 798 1945 ignara
807 1895 886 1936 marito

330 1950 440 1992 Infectam
452 1952 521 1993 (louet
531 1951 618 1992 Nesseo
629 1951 736 2000 sanguine
746 1956 839 1992 vestem.

289 2008 315 2046 10
329 2004 374 2047 llle
385 2007 424 2047 arbi
434 2005 536 2048 funestos
546 2008 671 2060 quaesitum
683 2019 761 2046 munus
772 2010 794 2048 in
806 2017 858 2047 usau

330 2060 420 2102 Induit:
429 2063 492 2104 ecce!
510 2064 562 2104 tlnit
571 2064 643 2110 vinus,
654 2064 758 2113 totosque
767 2074 810 2115 per
820 2066 881 2102 artus

270 2119 275 2123 “
331 2116 477 2160 Contrahitur
486 2120 579 2168 macies,
592 2118 707 2170 serpitque
718 2129 759 2170 per
769 2129 821 2157 osse
831 2129 948 2158 venenum.

328 2173 435 2214 Vincitur
445 2172 548 2222 Alcides,
560 2179 712 2228 properatque
723 2172 856 2225 abrumpere
867 2169 952 2222 lucem,

329 2228 491 2280 ingentemque
501 2242 591 2281 pyram,
600 2227 711 2282 pereundi
722 2231 809 2275 certus,
820 2229 844 2268 in
853 2239 919 2268 auras

290 2288 314 2324 15
331 2281 441 2330 Extollit,
451 2283 590 2336 flammisque
602 2297 677 2334 rogum
689 2283 812 2324 contleusat
821 2281 922 2332 anhelis3

329 2337 395 2380 Tunc
405 2350 455 2379 sese
466 2338 539 2380 metlio
558 2339 613 2380 iecit
623 2340 743 2379 moriturus
754 2339 777 2378 in
787 2339 857 2390 ignes.

329 2393 430 2437 Solvitur
440 2394 464 2434 iu
474 2396 561 2436 cineres
570 2408 652 2448 corpus
662 2399 785 2446 tenuesque
796 2391 900 2442 favilles3

328 2451 371 2492 nst
381 2451 455 2491 anima
465 2449 593 2492 aethereum
605 2450 694 2492 scandit
705 2449 841 2490 mountain
851 2461 933 2496 arcem,

328 2508 396 2550 Unde
407 2505 491 2548 hiemes
501 2511 625 2559 ventosque
636 2509 659 2547 et
669 2502 745 2546 lucilla
752 2505 828 2548 sidera
837 2502 918 2547 calcat.

528 2633 785 2652 *⁹*—
