2134 3088
246 196 296 246 2⁹4
435 192 468 244 L.
492 193 647 246 ANNAEl
668 191 858 246 SENECAE

306 297 373 358 Quis
386 302 460 348 astra
469 303 550 347 natus
560 297 685 348 laudibus
696 299 794 348 meruit
804 299 860 348 suis

304 367 346 416 Ex
358 371 386 416 te
397 371 425 416 et
435 364 567 416 noverca?
589 366 675 425 Quem
686 366 748 426 tuli,
759 366 890 416 mundum
902 373 989 434 peto.

305 432 360 484 Sed
372 439 415 496 tu,
427 447 518 484 comes
528 433 630 484 laboris
640 434 771 484 Herculei
782 433 879 496 Licha,

245 505 295 552 lue
307 501 403 553 Perfer
414 500 578 567 triumphos,
591 503 688 567 Euryti
698 503 786 552 victos
798 503 869 554 lares

205 611 210 618 .
306 571 481 637 stratumque
491 569 617 635 regnum!
636 585 685 620 vos
693 585 778 635 pecus
788 572 878 636 rapite
889 573 988 635 ocius,

306 641 367 700 Qua
377 639 478 704 templa
487 639 584 688 tollens
596 653 646 688 ora
657 639 755 689 Cenaei
765 639 837 688 loris

306 709 403 758 Austro
414 706 562 757 timendum
574 713 682 773 spectat
692 707 842 758 Euboicum
853 723 947 762 nime.

250 858 415 904 CHORUS
447 857 765 904 autumnoue!
796 857 1052 921 mauman,

587 939 702 985 luza.

302 1037 351 1078 Iole
362 1035 435 1079 claro
447 1037 593 1079 Oechalidum·
602 1038 679 1080 rns’aeta
688 1036 909 1092 patriaeeacirlt'mn,
921 1044 1052 1086 srrornmis·

250 1092 408 1141 oraminum,
419 1107 485 1134 mam
495 1091 585 1148 denique
593 1093 724 1136 seruitutem
731 1094 837 1149 plangit.

311 1194 410 1231 cnon.
421 1182 475 1232 Par
484 1183 528 1233 ille
541 1187 582 1233 es't
595 1182 718 1250 Superis,
730 1185 773 1234 cui
785 1169 889 1250 pariter
902 1186 968 1238 dies

249 1249 299 1298 105
310 1251 346 1299 Et
357 1249 466 1300 fortuna
476 1250 540 1312 fuit3
553 1255 647 1302 mortis
659 1251 741 1303 habet
753 1253 834 1313 vices,

311 1318 398 1368 Lente
410 1333 469 1370 cum
481 1317 599 1370 trahitur
608 1322 664 1370 rita
675 1321 854 1386 gementibus.

309 1388 437 1454 Quisquis
448 1389 498 1438 sub
511 1388 623 1453 pedibus
635 1389 692 1440 iata
704 1395 824 1454 rapacia,

310 1456 346 1505 Et
358 1471 475 1522 puppem
487 1458 577 1522 posuit
588 1456 703 1506 fluminis
715 1457 814 1506 ultimi:

311 1524 371 1574 Nou
383 1526 492 1590 captiva
502 1525 578 1574 dabit
588 1523 701 1576 brachia
712 1525 833 1586 vinculis,

250 1596 301 1643 llll
313 1592 371 1642 Nec
382 1607 498 1658 pompae
511 1595 599 1644 veniet
611 1594 701 1644 nobile
712 1594 853 1644 ferculum.

310 1661 452 1727 Nunquam
465 1667 506 1711 est
517 1662 560 1715 ille
571 1663 665 1722 miser,
676 1664 718 1712 cui
730 1662 809 1713 lacile
822 1669 864 1714 est
874 1669 963 1718 mori.

309 1731 385 1780 lllum
396 1731 418 1780 si
429 1730 518 1780 medio
531 1731 648 1796 decipiat
658 1732 724 1780 ratis

309 1799 412 1858 Ponto,
424 1815 485 1850 cum
497 1799 605 1850 Borean
616 1799 719 1865 expulit
730 1797 844 1861 Africus,

308 1869 361 1917 Aut
373 1869 460 1916 Eurus
472 1865 641 1932 Zephyrum,
653 1870 698 1934 qui
709 1883 783 1920 mare
795 1866 934 1920 dividunt:

247 1937 298 1988 115
310 1935 369 1985 Non
381 1937 479 2002 puppis
490 1936 597 1986 lacerae
606 1934 742 2002 fragmina
752 1935 864 2002 colligit,

310 2007 362 2054 Aut
372 2004 447 2054 littus
458 2005 547 2055 medio
559 2011 652 2069 sperat
661 2006 687 2053 in
700 2019 827 2070 aequore..

308 2074 399 2124 Vitam
412 2075 454 2138 qui
467 2074 568 2138 poterit
579 2073 693 2124 reddere
703 2073 835 2138 protinus,

310 2139 389 2192 Solus
400 2141 570 2208 naufragium
581 2157 634 2190 non
646 2142 747 2207 poterit
758 2143 822 2207 pati.
1053 2153 1054 2231 p

308 2209 366 2259 Nos
377 2211 463 2276 turpis
474 2211 573 2260 nuncies
586 2215 613 2260 et
624 2209 751 2260 lacrimae
762 2214 864 2272 tenent,

250 2280 300 2328 120
311 2279 348 2328 Et
359 2278 439 2327 crinis
450 2279 537 2342 patrio
550 2277 660 2343 pulvere
671 2277 806 2328 sordidus.
892 2273 895 2278 ’

310 2345 367 2396 Nos
378 2360 430 2395 non
442 2345 551 2396 llamma
561 2360 659 2410 rapax,
671 2362 723 2396 non
735 2345 828 2412 fragor
838 2344 944 2398 obruite

310 2415 415 2466 Felices
426 2415 561 2480 sequeris,
572 2415 662 2474 Moru
673 2416 786 2464 miseros
796 2413 880 2479 fugis:

310 2481 427 2532 Stemus.
464 2481 541 2532 Nunc
553 2483 648 2547 patriis
659 2483 792 2532 messibus
803 2479 848 2531 hie
859 2481 939 2536 lucus

312 2552 348 2599 Et
359 2552 431 2600 silvis
443 2550 563 2608 dabitur,
574 2549 703 2614 lapsaque
715 2549 840 2604 sordidae

254 2616 302 2666 125
313 2619 391 2666 Fient
402 2617 502 2682 templa
513 2630 601 2666 casae.
637 2615 693 2666 lam
704 2617 808 2682 gelidus
816 2613 926 2682 Dolops

312 2683 374 2732 llae
384 2683 466 2734 ducet
476 2683 607 2750 pecudes,
620 2697 672 2746 qua
682 2689 758 2748 tepet
768 2683 881 2734 obrutus
