2274 3086
242 189 292 238 214
424 187 458 237 L.
485 187 642 238 ΛΝΝΑΕΙ
672 185 863 238 SENECAE

301 289 440 356 Terraque
453 296 480 340 et
490 291 551 356 igme
562 291 648 340 victus
661 295 689 341 et
699 290 796 356 pelage
805 291 886 341 iacet.

239 357 290 407 555
302 357 357 407 Nos
369 357 422 408 alia
432 360 519 407 maiar
530 357 677 424 naufrages
687 359 771 423 pestis
782 365 870 408 vocat.

300 426 349 475 Est
360 424 466 476 humilis
478 427 561 488 unda,
573 427 693 490 scrupeis
705 427 821 476 mendax
832 427 918 490 vadis,

298 493 349 544 Ubi
360 509 427 544 saxa
439 495 538 560 rapidis
550 495 625 544 clusa
634 493 782 544 vorticibus
792 496 860 560 tegit

298 562 394 612 Fallax
405 562 574 628 Caphereum
586 569 693 612 aestuat
704 563 821 627 seopulis
833 563 944 627 fretum,

299 631 451 698 Fervetque
462 647 570 696 semper
580 630 678 680 duetus
688 631 792 680 alterna
801 633 874 692 viee;

239 699 290 750 500
300 700 354 748 Arx
364 701 487 752 imminet
498 706 656 766 praerupta,
668 715 736 766 quae
747 705 854 764 spectat
865 713 945 748 utare

300 769 429 834 Utrinque
441 771 585 836 geminum.
624 768 731 833 Pelopis
741 766 803 818 hine
815 783 876 816 uras
887 769 940 829 tui,

300 837 337 886 Et
349 835 482 897 isthmon,
495 843 572 888 arete
584 838 627 902 qui
639 845 797 886 recurvatus
810 835 868 886 selo

299 905 376 954 lenia
386 906 459 970 iungi
471 906 556 955 naaria
567 903 690 956 Phrixeis
701 910 788 964 vetat3

299 973 371 1021 Hine
384 973 486 1022 sceiere
497 973 620 1022 Lemnon
637 973 768 1035 nobilem3
785 971 846 1021 hine
856 970 1052 1038 Chalcedona,

240 1040 290 1090 505
302 1040 475 1106 'l‘ardamque
486 1041 588 1090 ratibus
599 1042 684 1090 Aulin.
704 1042 782 1090 Hane
792 1055 883 1090 arcem
895 1051 1025 1108 occupat

299 1107 454 1158 Palamedis
465 1109 509 1158 ille
521 1110 641 1174 genitor,
653 1115 681 1158 et
691 1109 791 1158 uiarum
803 1123 883 1158 manu

299 1176 403 1226 Lumen
415 1175 532 1226 nefanda
546 1179 647 1227 vertice
659 1193 674 1228 5
685 1193 789 1226 summo
803 1177 919 1228 efferens

300 1246 330 1294 ln
341 1259 408 1294 saxa
420 1243 496 1293 duxit
507 1245 611 1310 perfida
619 1246 732 1295 classem
743 1245 812 1296 face.

300 1313 423 1363 Haerent
434 1314 520 1362 acutis
532 1313 642 1380 rupibus
655 1315 725 1364 fixae
735 1321 823 1375 rates3

240 1383 290 1432 510
301 1383 359 1432 Has
370 1383 458 1448 inopis
469 1381 557 1432 undae
567 1383 660 1433 brevia
672 1384 857 1432 comminuunt
865 1381 953 1446 rada3

299 1451 368 1502 Pars
379 1449 486 1501 vehitur
496 1450 574 1501 huius
589 1453 687 1516 prima,
700 1451 885 1516 pareseupulo
896 1453 996 1518 sedet;

299 1521 378 1569 Hane
389 1519 442 1568 5115
452 1525 525 1569 retra
536 1521 625 1586 spatia
636 1521 800 1586 relegentem
812 1519 883 1581 terit,

300 1589 337 1638 Et
347 1587 436 1638 fracta
448 1587 556 1654 frangit.
584 1589 641 1638 lam
653 1591 748 1638 timent
758 1594 859 1639 terram
870 1592 956 1651 rates,

299 1659 335 1706 Et
345 1658 431 1706 maria
441 1657 552 1706 malunt.
587 1658 691 1707 Cecidit
701 1659 727 1706 in
741 1657 826 1708 iucem
838 1655 922 1707 furor.

238 1725 289 1775 515
300 1725 448 1792 Postquam
460 1725 566 1776 litatum
577 1731 619 1776 est
631 1726 692 1775 ilio:
706 1724 833 1776 Phoebus
843 1725 914 1776 redit

301 1795 338 1844 Et
348 1795 445 1844 damna
456 1796 543 1846 noetis
553 1796 637 1844 tristis
651 1795 769 1844 ostendit
779 1795 845 1844 dies.

302 1877 398 1912 carr.
411 1864 540 1914 Utrumne
548 1863 663 1924 deleam,
674 1863 1050 1916 laeteranredueemvirum!

300 1931 446 1982 Remeasse
457 1931 558 1992 laetor3
569 1932 664 1982 vuinus
676 1939 704 1980 at
714 1933 789 1998 regni
800 1947 881 1998 grave

300 1999 409 2066 Lugere
420 2014 513 2066 cogor.
542 2000 636 2050 Redde
646 2001 700 2050 iam
713 2001 817 2062 Graiis,
828 2006 908 2065 pater

240 2067 291 2117 580
301 2069 422 2118 dltisona
433 2069 556 2134 quatiens
568 2085 664 2136 regna,
677 2069 799 2135 placatos
810 2067 889 2118 deos!

301 2135 379 2186 Nune
390 2151 469 2186 omne
480 2137 552 2187 laeta
563 2137 658 2188 frande
668 2137 773 2189 veletur
783 2142 880 2202 caput3

301 2203 432 2254 Sacrifica
443 2203 534 2256 dulees
546 2207 613 2256 tibia
623 2206 744 2258 effundat
753 2206 862 2267 modom

300 2273 337 2323 Et
347 2273 426 2323 nivea
435 2288 547 2340 magnas
558 2276 667 2326 victima
678 2282 744 2326 ante
753 2289 814 2326 aras
825 2273 914 2325 eadat.
947 2283 964 2310 θ

302 2340 356 2392 Sed
367 2339 445 2392 55551
456 2343 536 2393 turba
546 2346 644 2406 tristis,
655 2345 791 2395 incomtae
803 2358 894 2394 eomas

242 2410 292 2462 585
303 2409 401 2462 iliades
414 2409 524 2475 adsunt,
538 2428 604 2480 quas
615 2427 698 2478 super
708 2413 781 2464 55155
791 2412 877 2479 gradu

302 2478 412 2532 Effrena
422 2478 548 2532 Phoebas
560 2479 672 2534 entheas
682 2481 773 2532 laurus
785 2481 882 2548 quatit.
