2262 3082
262 227 500 281 unimus.
527 229 615 280 ACT.
633 229 681 282 111.

76 334 139 384 nlts
148 346 203 400 pax
220 333 283 382 urbi
292 337 422 383 revocata
431 331 522 382 leetee
533 337 576 382 est

78 400 138 463 Sic,
149 401 196 451 ubi
208 415 241 450 ex
253 401 309 451 sito
319 405 444 452 tumuere
455 399 568 462 fluetus,

76 470 216 520 Bruttium
227 471 298 519 coro
309 468 425 520 feriente
435 474 564 534 pontum,

79 535 173 604 Scylla
183 537 297 603 pulsetis
308 542 420 588 resonat
432 537 568 600 ceremis3

80 607 119 658 Ae
129 620 203 656 mare
214 606 241 655 in
253 611 335 671 portu
345 605 459 656 timuere
473 609 587 665 nautae,

79 674 160 736 Quod
172 688 258 740 rspex
268 673 395 724 haustum
405 673 521 723 revomit
532 671 698 738 Charybdin

78 741 200 792 litteras
212 742 330 808 Cyclops
341 743 437 792 metuit
447 746 589 808 parentem

78 810 157 876 Rupe
168 809 298 860 ferventis
308 810 429 861 residens
440 811 467 860 in
479 811 596 871 Aetnae,

79 877 122 930 Ne
132 878 281 945 superfusis
292 878 408 928 violetur
418 877 498 927 undis

79 947 154 1014 Ignis
165 949 283 998 aeternis
294 961 424 998 resonans
438 947 562 1010 ceminis3

78 1017 117 1066 Et
126 1020 206 1080 putat
216 1017 300 1082 mergi
311 1029 361 1065 sua
371 1029 451 1080 posse
462 1028 567 1080 pauper

80 1084 177 1150 Regna
187 1083 303 1134 Laertes
315 1081 410 1134 ithace
419 1088 563 1133 tremente.
587 1111 589 1119 ι

82 1150 111 1202 Si
122 1167 188 1202 suae
199 1153 286 1202 ventis
293 1152 418 1202 tesidere
428 1151 514 1212 vires,

79 1220 176 1270 Mitius
187 1225 285 1287 stagno
295 1220 407 1285 pelagus
417 1219 562 1270 recumbite

80 1288 155 1350 Alta,
167 1304 236 1354 quae
247 1289 322 1338 nasis
332 1289 422 1337 timuit
431 1301 525 1339 secure

81 1358 153 1406 Hine
164 1363 193 1406 et
203 1355 265 1406 hinc
277 1355 343 1406 fusis
353 1357 475 1422 spatiosa
485 1355 566 1418 reiis,

82 1424 177 1476 Strete
185 1424 288 1475 ludenti
298 1430 413 1489 patuere
425 1423 556 1488 cymbae3

82 1491 118 1544 Et
127 1500 207 1544 vocat
218 1507 321 1547 mersos
333 1507 475 1542 numerare
486 1495 575 1557 pisces

82 1562 150 1622 iiie,
160 1562 207 1611 ubi
216 1563 319 1628 ingenti
330 1561 411 1610 modo
423 1561 473 1610 sub
484 1561 606 1626 procelle

83 1629 216 1694 Cyclades
227 1636 339 1696 pontum
351 1631 466 1679 timuere
477 1635 577 1680 motae.

81 1697 162 1748 Nulla
172 1713 231 1748 sors
241 1699 324 1764 longe
334 1703 387 1748 est:
399 1697 479 1746 dolor
490 1712 523 1748 ec
532 1697 658 1764 voluptas

79 1767 199 1817 invicem
211 1767 323 1827 cedunt;
334 1766 443 1816 brevior
453 1765 587 1830 voluptas.

79 1835 139 1885 lma
149 1840 285 1900 permutat
294 1835 360 1884 levis
371 1832 440 1883 hora
449 1834 571 1883 summis.

80 1903 143 1964 tlte,
155 1905 199 1970 qui
210 1903 294 1954 donat
304 1902 430 1952 diadema
440 1899 538 1962 irouti,

81 1973 170 2032 Quem
180 1987 250 2039 genu
262 1972 341 2022 nixae
352 1977 488 2020 tremuere
498 1975 609 2036 gentes,

81 2041 163 2090 Cuius
174 2040 208 2090 ad
220 2047 314 2090 nutum
325 2055 440 2106 posuere
450 2039 522 2089 bella

78 2108 177 2160 Medus
188 2115 216 2159 et
227 2107 329 2159 Phoebi
343 2109 477 2175 propioris
488 2107 571 2158 indus

78 2177 115 2227 Et
126 2175 224 2230 Dahae
235 2176 342 2228 Parthis
354 2179 472 2246 equitem
482 2177 590 2239 minati,

78 2247 180 2296 Anxius
187 2253 324 2311 sceptrum
335 2251 423 2307 tenet,
434 2251 462 2295 et
473 2251 614 2298 moventes

79 2315 186 2364 Cuncta
196 2315 313 2376 divinat,
325 2316 475 2381 metuitque
488 2329 569 2364 cesus

78 2383 195 2434 Mobiles
206 2399 296 2433 rerum
307 2383 470 2450 dubiumque
481 2388 597 2449 tempus.

78 2451 150 2512 Vos,
163 2452 259 2518 quibus
269 2457 361 2502 rector
372 2453 454 2502 maris
466 2456 547 2518 etque
557 2457 650 2503 terrae

77 2519 124 2570 lus
135 2519 210 2571 dedit
221 2533 347 2588 magnum
359 2522 433 2572 neeis
445 2526 527 2586 utque
537 2521 623 2582 ritae,

78 2587 177 2639 Ponite
186 2587 296 2639 inflatos
307 2589 477 2655 tumidosque
488 2589 590 2638 vultus=

79 2656 217 2724 Quidquid
228 2672 246 2707 a
255 2658 332 2708 vobis
342 2659 430 2708 minor
440 2657 608 2718 extimescit,

76 2725 168 2778 Maior
178 2723 232 2779 hoe
242 2727 320 2778 robis
332 2727 456 2778 dominus
467 2725 593 2774 minetur.
656 2788 681 2838 E
698 2789 713 2836 ²
