2262 3082
419 333 794 422 nuouunuruu.

267 507 340 557 Lycus
350 519 363 547 a
375 506 483 553 Creonte,
495 504 601 547 Herculis
612 518 701 554 socero,
712 519 765 556 rege
776 505 900 557 Thebano,
929 515 1006 561 roptcr

210 559 297 602 scelera
305 561 329 602 in
343 560 450 602 exsilium
465 561 557 607 missus.
572 562 665 602 absente
675 562 719 602 iam
731 559 829 602 Hercule
839 564 899 616 apud
909 521 1006 612 luterni,

210 620 234 656 ut
244 615 297 656 inde
307 613 429 666 Eurysthei
445 615 506 655 iussu
521 618 611 667 peteret
626 615 749 656 Cerberum
766 617 814 668 (utu
825 620 849 657 et
858 615 972 660 ‘caesum
983 619 1006 660 in

208 667 305 712 vinculis
316 671 438 718 detentum,
453 669 489 722 qui
502 683 549 710 cum
561 669 665 710 Pirithoo
677 670 825 721 descenderat
835 669 863 712 ad
872 673 1005 725 rapiendam

207 723 382 778 Proserpinam,
396 723 514 775 liberavit)
531 725 670 766 occasionem
685 724 783 766 oblatam
794 727 890 778 arripit,
910 731 944 776 et,
964 741 1006 781 per

208 780 341 821 seditionem
354 779 451 821 Creonte
462 793 510 820 cum
522 780 608 820 cirrolrus
619 779 673 820 filiis
684 793 761 828 caeso,
772 793 863 832 regnum
871 781 1005 824 Thebanum

207 838 310 888 occupat.
352 835 466 885 Megaram
484 833 590 876 Herculis
613 847 707 876 uxorem
727 835 755 876 act
775 837 867 888 nuptias
887 835 1005 886 sollicitat,

207 890 315 931 abnuenti
324 889 368 930 uim
381 892 453 941 parat.
480 889 612 941 Opportune
622 901 736 938 reversus,
753 889 862 931 Hercules
873 891 956 942 Lycum
967 904 1004 934 ce·

207 950 312 997 terosque
330 942 394 984 illios
409 943 515 984 factionis
534 945 649 984 interficit.
683 945 746 985 linee
765 948 810 985 tam
825 943 927 987 feliciter
941 951 1004 998 gesta

206 999 261 1041 launo
278 1012 321 1040 ncm
336 998 412 1040 ferens
426 999 529 1039 immittit
544 995 579 1038 illi
595 998 705 1046 furorem,
724 1011 767 1050 quo
776 1004 896 1051 correptus
910 1011 1002 1042 uxorem

206 1067 267 1096 suam
278 1067 327 1095 cum
338 1052 417 1095 liberis
427 1053 544 1094 interficit.
564 1053 628 1100 Quoi
638 1053 676 1094 uto
687 1053 716 1094 ecl
731 1066 755 1094 sa
765 1067 869 1095 reversus
876 1054 1002 1104 intellexit,

207 1106 291 1150 doloris
306 1106 449 1162 impatientii
464 1109 505 1148 vin
522 1105 694 1158 Amphitryonis
712 1111 779 1158 atque
795 1107 880 1150 Thesei
895 1111 1003 1163 precibus

206 1163 323 1212 detentus,
343 1175 371 1204 ne
385 1163 428 1204 sito
444 1165 537 1203 mortem
551 1161 658 1211 inferret,
677 1175 725 1204 curn
736 1162 827 1204 Theseo
837 1163 939 1206 Athenas
949 1178 1002 1219 pur·

205 1219 291 1270 psoius
301 1217 460 1272 proficiscitur.

322 1465 489 1530 ALlUD
523 1463 886 1532 ARGUMENTUM

412 1581 643 1636 HIERONYMI
659 1583 788 1637 BALBI.

244 1719 358 1761 Maximus
369 1717 463 1762 Alcides
473 1717 553 1770 Stygio
564 1717 679 1759 remeabat
689 1718 717 1758 ab
728 1717 782 1760 orto

242 1775 334 1822 Victor,
350 1774 532 1826 Tartareumque
542 1785 617 1814 canem
629 1773 669 1812 sub
680 1771 757 1814 uincla
766 1771 878 1814 trelrelrat.

244 1827 290 1870 Sed
299 1829 367 1879 lrrno,
378 1831 460 1870 irarum
472 1829 567 1869 norulunr
578 1831 723 1879 veterumque
734 1826 838 1870 dolorum

243 1883 372 1932 Immemor,
389 1885 526 1934 anguiferum
538 1884 636 1933 nigranti
648 1883 702 1924 recte
713 1883 841 1934 Megaeram

216 1943 228 1980 ⁵
245 1937 350 1981 Excitat:
361 1937 403 1979 illa
413 1939 475 1980 foces
485 1937 659 1988 Phlegethontis
669 1938 696 1978 ab
707 1951 771 1980 amna
780 1937 866 1992 petitas

245 1993 334 2046 Corpus
344 1994 368 2036 in
379 1991 515 2034 Herculeum
526 1993 592 2038 iacit,
604 1990 747 2044 instillatque
757 2005 874 2035 venenum.

244 2048 304 2089 Tum
313 2059 367 2089 vero
375 2046 479 2092 Alcides.
491 2047 557 2088 trariis
568 2059 673 2087 accensus
683 2048 776 2094 amaris,

244 2101 334 2150 Saevit,
345 2104 412 2154 inops
422 2103 502 2150 animi,
512 2105 535 2142 et
544 2103 643 2151 geminos
654 2115 703 2142 curn
714 2103 808 2153 coniuge
818 2108 885 2145 natos

259 2156 322 2198 Proh
331 2156 433 2210 scelust)
444 2160 496 2197 ante
507 2169 557 2197 eras
567 2155 659 2207 inciigni
670 2161 740 2198 morte
749 2159 853 2210 peremit.

202 2217 228 2256 10
243 2159 286 2254 lat
295 2212 334 2254 uli
346 2211 477 2262 Gorgoneos
488 2209 545 2256 male
556 2209 610 2258 stul
620 2217 695 2254 uento
705 2212 794 2252 furores

243 2265 353 2319 Expulit,
364 2270 387 2308 et
398 2267 470 2307 ciirurn
482 2267 543 2306 norit
553 2278 615 2305 mens
626 2267 714 2307 conscio
724 2267 819 2307 crimem·

241 2320 352 2373 ingemit,
363 2321 457 2364 invisam
468 2321 561 2373 cupiens
571 2321 705 2374 abrumpere
714 2323 792 2362 sitam.

438 2513 741 2536 ...φ-ψ...-
