2280 3088
231 212 281 263 too
390 211 424 260 L.
451 207 608 263 ANNAEl
634 207 827 263 SENECAE

290 313 398 363 Hostile
408 311 497 361 valido
507 311 607 362 robore
616 312 733 378 insurgit
741 311 821 372 latus,

290 380 452 446 Septemque
463 395 546 430 venas
556 379 651 429 tendit.
687 379 745 428 llas
757 394 849 428 omnes
861 383 935 428 retro
960 421 962 426 ,

229 450 279 500 365
291 447 440 500 Prohibeus
450 449 549 500 reverti
561 448 637 498 limes
648 443 771 513 obliquus
781 451 866 496 secat.
943 451 949 458 '

289 518 412 567 Mutatus
423 517 491 566 ordo
502 521 557 576 est,
569 515 634 564 sede
645 515 799 580 nilpropria
809 516 894 578 iacet3

272 635 277 646 ,
289 585 343 636 Sed
355 592 418 634 acta
428 591 500 633 retro
514 589 620 634 cuncta.
656 581 716 632 Non
728 585 834 633 animae
846 597 933 649 capax

289 655 318 703 ln
330 659 405 718 parte
417 652 514 703 dextra
524 651 614 716 pulmo
624 651 787 718 sanguineus
798 653 884 712 iacet3

289 721 351 772 Non
361 721 439 770 laeva
449 719 538 770 cordis
549 721 639 786 regi03
651 735 704 770 nou
715 719 787 770 molli
799 719 901 770 ambitu

230 791 281 841 3¹1⁰
292 791 408 840 omenta
419 789 532 856 pingues
542 787 638 838 visceri
650 787 801 838 obtendunt
811 789 891 837 sinus.

290 857 395 908 Natura
404 872 484 907 versa
495 862 549 919 est;
560 857 633 906 nulla
642 856 686 905 lex
697 863 775 906 utero
788 862 886 906 manet.

292 925 462 988 scrutemur,
473 925 543 974 unde
554 931 646 974 tantus
658 922 701 974 bic
714 927 782 974 extis
793 925 875 991 rigor.

293 993 373 1055 Quod
382 992 435 1042 boc
448 991 539 1043 nefas?
561 995 714 1058 Conceptus
726 995 853 1058 innuptae
863 993 949 1054 bovis,

293 1061 351 1112 Nec
363 1076 438 1112 more
448 1061 528 1112 solito
540 1061 657 1126 positus,
669 1061 756 1112 alieno
767 1061 793 1110 iir
803 1061 865 1112 loco

234 1129 284 1180 ato
295 1130 392 1195 implet
401 1135 549 1193 parentem.
568 1129 691 1179 Membra
701 1135 761 1180 cum
772 1131 875 1196 gemitu
886 1134 990 1188 ororet3

294 1197 422 1248 Tremulo
435 1199 524 1263 rigore
535 1197 636 1248 debiles
648 1203 722 1248 artus
733 1200 846 1260 micant,

295 1265 392 1316 Infecit
402 1272 476 1316 atros
496 1264 592 1314 lividus
602 1265 684 1314 libras
697 1282 789 1326 cruor3

295 1335 467 1400 'l'entantque
477 1340 571 1398 turpes
582 1333 708 1384 mobilem
719 1335 808 1384 trunci
817 1333 940 1400 gradum,

295 1404 332 1453 Et
341 1404 419 1452 inane
431 1404 517 1469 surgit
528 1417 640 1468 corpus,
651 1418 684 1452 ac
695 1418 788 1452 saeros
798 1401 868 1466 petit

235 1473 286 1524 380
298 1473 386 1521 Cornu
397 1471 546 1534 ministros3
558 1472 663 1521 viscera
674 1469 805 1537 effugiunt
816 1485 936 1532 manum;

296 1539 390 1605 Neque
401 1541 473 1605 ipsa,
485 1554 553 1605 quae
563 1545 591 1590 te
601 1537 717 1604 pepulit,
730 1540 844 1589 armenti
855 1539 944 1605 gravis

295 1607 423 1668 Vexent,
435 1621 486 1656 nec
496 1623 609 1674 usquam
619 1607 704 1656 territi
717 1613 843 1657 resonant
853 1621 962 1674 greges:

294 1677 421 1742 lmmugit
431 1677 485 1726 aris
495 1676 578 1741 ignis,
590 1682 618 1725 et
628 1675 766 1740 trepidant
776 1675 839 1726 soci.

295 1758 335 1794 oa
343 1759 372 1794 n.
392 1745 443 1804 Qui
453 1747 507 1794 ista
516 1745 586 1794 sacri
598 1743 675 1810 signa
685 1743 796 1794 terrifici
806 1743 904 1804 lerant,

234 1814 284 1864 385
295 1814 445 1877 Exproma=
456 1828 538 1864 voces
549 1828 615 1864 aure
626 1829 679 1862 non
691 1812 786 1862 timida
796 1810 926 1862 hauriam.

294 1880 389 1931 Solent
398 1896 524 1946 suprema
534 1879 625 1931 facere
637 1896 749 1931 securos
759 1880 837 1930 mala.

293 1964 360 1998 rra.
380 1949 430 1999 His
442 1949 585 2010 invidebis,
598 1949 693 2016 quibus
704 1963 783 2014 opem
795 1947 914 2015 quaeris,
926 1947 1012 1998 malis.

295 2031 371 2066 oreo.
382 2017 514 2076 Memora,
525 2017 760 2084 quodunumscire
771 2016 916 2068 coelicolae
928 2017 1033 2078 trulum,

294 2086 489 2136 contaminarit
497 2099 563 2151 rege
576 2087 633 2152 quis
645 2101 725 2136 caeso
737 2101 840 2136 manus.

233 2155 284 2205 390
296 2167 363 2202 rin.
381 2153 440 2204 Nec
449 2153 506 2204 alta
516 2154 585 2204 coeli
597 2169 665 2221 quae
677 2155 728 2205 levi
740 2169 829 2221 penna
839 2159 941 2214 secant,

294 2221 353 2273 Neo
365 2221 433 2287 fibra
443 2221 509 2270 vivis
521 2229 600 2288 rapta
609 2223 766 2288 pectoribus
778 2228 870 2288 potest

294 2292 371 2340 Ciere
383 2305 493 2342 nonren:
505 2289 558 2341 alia
567 2289 697 2342 tentanda
706 2297 747 2342 est
757 2292 808 2342 via.

291 2360 353 2424 lpse
367 2357 519 2410 evocandus
529 2361 617 2410 noctis
629 2365 755 2412 aeternae
766 2359 865 2426 plagis:

292 2429 413 2479 Emissos
425 2427 514 2478 Erebo
524 2434 555 2478 ut
566 2427 656 2478 caedis
668 2435 806 2480 auctorem
819 2425 929 2476 indicet.

232 2495 282 2546 395
294 2495 450 2548 Reseranda
460 2497 552 2558 tellus,
564 2497 634 2547 Ditis
645 2495 815 2564 implacabile

292 2564 397 2615 Numen
407 2565 585 2632 precandum,
597 2565 711 2630 populus
722 2563 842 2616 infernae
854 2561 947 2628 Stygis

294 2633 354 2683 lluc
365 2631 555 2687 extrahendus.
574 2633 645 2684 Ede:
657 2635 700 2685 cui
711 2634 822 2684 mandas
833 2629 955 2682 sacrum?

294 2699 364 2752 Nam
375 2708 416 2765 te,
428 2717 511 2769 penes
523 2717 603 2770 quem
613 2718 718 2753 summa
728 2715 874 2770 regnorum
885 2705 940 2761 est,
953 2689 1036 2762 nefas
