2262 3082
196 225 423 278 Huscuuus
452 222 623 278 FURENS.
651 225 738 276 Aur.
757 223 803 274 111.
867 221 897 273 31

102 329 172 391 Quid
180 331 256 378 iuvat
267 329 362 378 durum
374 343 522 394 properare
533 324 636 376 intumi

101 398 194 452 Omnis
207 397 275 447 haec
286 398 390 464 magnis
400 411 471 462 vaga
480 397 561 446 turba
570 395 650 445 terris

101 467 154 518 lbit
166 467 199 516 ad
211 467 320 526 Manes,
332 465 470 531 facietque
480 465 559 514 inerti

101 535 171 586 Vela
183 536 297 598 Cocyto.
318 533 380 583 Tibi
393 535 492 583 crescit
502 547 601 595 omne,-

102 605 140 654 Et
152 603 224 669 quod
236 603 357 652 Occasus
368 602 454 662 videt,
467 607 495 651 et
505 601 577 668 quod
591 601 686 650 Ortus:

102 673 190 723 Parce
201 673 333 722 venturis:
345 671 408 730 tibi,
419 670 509 731 Mors,
522 683 658 735 paramur.

104 739 146 791 Sis
156 741 221 790 licet
230 741 332 805 segnis:
345 753 521 803 properamus
531 739 591 802 ipsi.

103 809 195 859 Prima
206 809 370 873 quaesitam
381 807 455 856 dedit
466 805 547 867 hora,
558 805 653 870 carpit.

104 875 208 928 Thebis
218 876 291 924 laeta
302 875 359 924 dies
372 873 461 924 adest:

104 947 172 996 Aras
182 943 285 1009 tangite
297 941 443 1007 supplices!

104 1014 222 1079 Pingues
234 1011 338 1062 caedite
350 1009 486 1060 victimas!

103 1083 258 1134 Permixtae
270 1080 388 1130 niaribus
399 1094 482 1128 nurus

105 1151 245 1202 Soremnes
257 1149 361 1215 agitent
372 1146 482 1199 chorosi

106 1220 218 1270 Cessent
228 1217 351 1282 deposito
363 1218 427 1282 iugo

104 1289 166 1338 Arri
177 1285 272 1336 fertilis
282 1283 400 1335 incolae!

104 1357 163 1407 Pax
174 1359 216 1405 est
226 1354 363 1404 Herculea
373 1367 453 1402 manu

104 1427 235 1475 Auroram
246 1425 317 1472 inter
328 1429 355 1472 et
368 1422 519 1486 Hesperum

105 1495 142 1543 Et
152 1508 205 1558 qua
215 1491 256 1541 sol
267 1491 382 1540 medium
394 1497 489 1539 tenens

106 1563 219 1610 Umbras
231 1559 389 1624 corporibus
400 1561 490 1624 negat.

101 1630 293 1694 Quodcunque
304 1627 420 1676 adluitur
432 1624 519 1675 solum

105 1698 202 1763 Longo
215 1695 339 1760 Tethyos
351 1695 465 1754 ambitu,

107 1766 213 1816 ¹ilcidae
225 1764 328 1812 domuit
337 1763 421 1810 labor.

106 1836 289 1886 Transvectus
300 1831 371 1878 vada
382 1829 507 1888 'feriar-i,

106 1903 215 1953 Pacatis
227 1899 298 1949 redit
308 1897 412 1948 Inferis.

104 1971 162 2021 lani
175 1969 262 2018 nullus
273 1971 396 2032 superest
406 1966 487 2015 timor

104 2038 149 2090 Nil
160 2037 313 2097 ultrajacet
323 2035 435 2085 inferos.

106 2107 228 2168 Stantes,
239 2105 391 2164 sacrificus,
403 2117 495 2153 comas

104 2176 212 2228 Dilecta
223 2180 288 2242 tege¹
296 2171 409 2256 populo!

396 2413 599 2426 -n—ae-——u-r
