2280 3088
259 213 309 266 1¹18
440 209 474 260 la.
511 206 665 261 dNNAEl
683 207 875 261 SENECAE
895 205 901 212 '

321 312 432 374 Gnatis,
443 312 506 379 quid
517 313 581 377 ipsi,
593 327 662 378 quae
672 317 748 362 tuum
760 327 860 380 magna
868 313 918 364 luit

181 380 183 384 ’
198 453 202 460 ¹
259 384 309 434 949
322 381 416 432 Scelus
428 384 518 442 ruina,
529 380 612 431 flebili
625 383 728 446 patriae
739 380 831 432 dabisl

320 449 454 502 Solvendo
466 465 520 499 non
531 466 568 500 es.
605 450 653 499 llla
663 466 731 517 quae
742 451 816 517 leges
827 456 902 502 ratas

319 519 426 570 Natura
434 521 462 568 in
473 532 527 568 uno
540 519 622 568 vertit
632 519 788 584 Oedipoda,
799 534 886 569 novos

320 590 480 639 Commenta
490 591 598 652 partus,
610 587 738 652 supplicis
750 587 845 638 eadem
856 588 923 638 mels

320 656 449 707 Novetur.
486 657 588 706 lterum
598 656 702 717 virere,
715 662 797 722 atque
807 657 906 706 iterum
916 658 986 706 mori

260 727 310 778 945
322 726 432 785 Liceat3
444 724 549 774 renasci
560 737 680 789 semper:
690 729 721 773 ut
731 727 814 774 toties
825 740 896 774 nova

320 793 458 859 Supplicia
469 792 578 858 pendas.
616 794 697 842 Utere
709 793 833 859 ingenio,
844 792 938 843 miser!

319 862 399 923 Quod
410 876 493 926 saepe
505 861 564 910 lieri
574 875 628 910 non
640 869 745 926 potest,
758 861 806 910 tlat
816 863 870 911 diu.

319 932 395 982 Mors
406 930 522 996 eligatur
530 929 619 996 longa
656 931 810 991 Quacratur
820 931 873 991 via,

321 1001 383 1060 Qua
393 1013 443 1047 neo
454 998 566 1063 sepultis
577 999 690 1060 mixtus,
702 1005 730 1049 ot
740 1000 806 1048 viris
817 1004 908 1049 tamen

261 1070 311 1120 950
322 1069 453 1118 Exemtus
466 1081 549 1116 erres.
585 1067 708 1128 Morere,
720 1067 768 1116 sed
781 1068 851 1116 citra
862 1073 967 1132 patrem

239 1149 245 1159 ·
321 1136 475 1195 Constans,
489 1133 593 1185 animet
614 1133 738 1196 Subitus,
750 1149 797 1197 en,
808 1135 897 1185 vultus
907 1141 1005 1203 gravat

321 1203 453 1254 Proiusus
462 1204 561 1265 imber,
573 1219 605 1253 ac
618 1205 690 1269 rigat
700 1203 765 1254 lletu
777 1203 873 1271 genas*

321 1274 358 1322 Et
368 1271 433 1322 llere
444 1272 511 1321 satis
523 1271 580 1322 estl
601 1273 742 1322 Hactenus
752 1271 868 1323 tundent
878 1272 965 1323 levem

324 1341 402 1392 (lculi
415 1341 561 1408 liquorem:
572 1339 682 1390 sedibus
692 1341 763 1406 pulsi
773 1342 830 1391 suis

262 1411 312 1461 955
324 1410 465 1461 Lacrimas
476 1415 630 1476 sequautur.
659 1411 695 1459 lli
705 1410 844 1459 maritales
854 1409 946 1459 statim

323 1477 473 1529 Fodiontur
484 1478 553 1527 oculi
561 1477 586 1526 l“
603 1477 692 1538 Dixit,
705 1483 787 1544 atque
798 1479 840 1527 ira
850 1476 924 1528 furit.

323 1546 425 1597 Ardent
435 1547 554 1596 minaces
564 1548 626 1612 igne
640 1547 795 1596 truculento
807 1561 902 1614 genae,

324 1615 456 1681 Oculique
466 1617 510 1664 vix
522 1630 552 1664 se
563 1615 671 1664 sedibus
683 1617 801 1665 retinent
813 1615 876 1666 suis.

323 1684 480 1744 Violentus,
493 1683 596 1744 audax,
608 1683 712 1744 vultus,
724 1686 824 1746 iratus,
835 1683 914 1734 ferox
1121 1719 1122 1744 ,

263 1753 313 1804 999
324 1754 443 1803 'l'antum
455 1753 582 1802 eruentis.
621 1751 743 1812 Gemuit,
756 1756 784 1802 et
796 1751 883 1802 dirum
894 1751 1016 1804 fremens
1121 1749 1122 1783 l

323 1823 420 1872 lllauus
431 1823 456 1870 in
469 1835 518 1870 ora
528 1823 617 1870 torsit.
654 1822 687 1870 At
698 1826 794 1870 contra
804 1827 895 1871 truces

323 1891 402 1940 Oculi
413 1893 563 1951 steterunt,
576 1893 605 1940 et
614 1904 691 1939 suam
701 1890 798 1939 intenti
810 1905 918 1939 manum

323 1959 401 2007 Ultro
412 1960 603 2024 insequuntur;
615 1958 720 2008 vulneri
732 1963 878 2008 occurrunt
889 1971 946 2008 suo.

326 2025 469 2075 Scrutatur
480 2025 574 2076 avidus
585 2027 707 2076 manibus
718 2028 792 2076 uncis
803 2027 917 2076 lumina:

263 2094 313 2145 965
325 2093 426 2144 Radice
438 2094 470 2143 ab
481 2095 535 2144 ima
546 2093 668 2145 funditus
678 2095 771 2146 vulsos
782 2095 861 2145 simul

325 2162 433 2212 Evolvit
444 2163 532 2212 orbes.
576 2164 680 2214 Haeret
690 2165 717 2213 in
727 2179 814 2214 vacuo
826 2178 930 2224 manus,

324 2232 358 2285 Et
368 2231 423 2279 lixa
434 2233 540 2295 penitus
552 2233 686 2297 unguibus
694 2233 798 2282 lacerat
808 2247 890 2283 cavos
1119 2243 1120 2307 p

324 2297 382 2348 dlte
393 2313 516 2349 recessus
527 2299 655 2350 luminum
667 2305 695 2350 et
705 2302 798 2352 inanes
810 2302 893 2361 sinus,

324 2366 469 2434 Sacritque
481 2367 594 2430 trustra3
607 2369 734 2435 plusque,
746 2385 826 2436 quam
838 2371 904 2419 satis
915 2375 971 2431 est,
983 2368 1055 2420 furit

263 2435 313 2485 sm
325 2436 443 2485 'lantum
456 2442 498 2486 est
508 2438 638 2502 periclum
649 2438 726 2488 lucis.
762 2437 870 2488 Attollit
879 2443 970 2504 caput,

325 2505 455 2569 (larisque
466 2505 584 2556 lustrans
595 2507 704 2556 orbibus
716 2507 785 2556 coeli
798 2506 902 2574 plagas,
1118 2483 1119 2569 l

324 2571 440 2624 Noctem
451 2576 598 2639 experitur.
634 2573 772 2641 Quidquid
783 2574 888 2626 effossis
898 2575 968 2626 male

326 2641 468 2706 Dependet
483 2643 581 2704 oculis,
592 2645 705 2709 rumpit,
718 2649 747 2694 et
758 2645 847 2694 victor
857 2641 924 2694 deos

325 2709 595 2762 Conclamatomnes·
607 2712 744 2776 „Parcite
755 2711 818 2776 heu,
829 2709 945 2780 patriae,
951 2727 1071 2780 precorr
1117 2749 1118 2764 i
