2280 3088
237 178 287 227 12⁰
429 176 463 228 1..
481 174 638 226 ANNAEl
656 173 849 226 SENECAE

375 361 682 419 strennuus,
704 358 901 406 xurnrx.

291 459 378 504 Nutrix
383 459 508 516 Hippolyti
512 460 613 503 animum
622 459 724 509 mollire,
735 464 758 501 et
768 462 801 501 ud
808 457 902 512 meptiur
911 463 934 500 et
944 457 1037 502 relictae

236 516 334 560 urbanae
346 515 441 570 flectere
456 515 540 558 ccrllide
554 521 635 558 tentat.
665 514 710 557 Ine
719 515 782 556 ottae
792 512 882 555 coelibis
900 519 925 556 et
937 513 1037 556 mrtem

237 571 317 628 (quam
326 572 426 613 urbanae
436 573 548 613 collatum
554 569 673 625 praefert)
684 569 814 613 institutum
823 567 930 612 inmane
940 574 1008 611 tenet.

297 692 318 728 rr
325 693 334 728 ι
341 693 356 727 r
363 693 388 728 r.
408 677 479 740 Quid
489 675 542 727 buc
552 677 649 728 seniles
660 675 735 727 fessa
745 675 846 726 moliris
856 677 966 743 gradus,

297 747 320 797 0
332 747 387 796 lida
397 747 501 806 nutrix,
513 745 648 796 turbidam
658 744 776 795 frontem
787 759 895 810 gerens,

299 817 334 865 Et
344 821 450 866 moestu
460 813 565 864 vultus?
586 813 687 880 Sospes
699 819 742 863 est
752 820 826 863 certe
837 828 945 877 pareus,

238 884 289 934 435
301 882 453 950 Sospesque
466 882 606 944 Phaedra,
617 885 709 948 stirpis
720 888 749 932 et
759 881 883 950 geminae
894 882 996 948 iugum.

300 966 399 1002 nuru.
417 952 509 1002 Metus
520 953 640 1002 remitte:
652 965 783 1017 prospero
793 965 906 1016 regnum
924 951 1036 999 instato

257 1051 260 1058 »
778 1023 830 1080 est,

298 1088 455 1154 Donrusqqe
467 1086 566 1140 florens
577 1093 651 1138 sorte
663 1087 734 1138 felici
748 1089 831 1154 viget.

299 1155 353 1207 Sed
364 1163 394 1206 tu
404 1157 588 1206 beatismitior
598 1157 679 1208 rebus
691 1157 765 1206 veni:

298 1224 420 1291 Namque
432 1226 538 1274 anxiam
549 1241 591 1276 rne
601 1241 667 1275 cura
676 1224 807 1276 sollicitat
816 1224 866 1284 tui,

238 1294 289 1343 440
302 1294 381 1355 Quod
391 1299 418 1342 te
429 1295 487 1358 ipse
499 1295 593 1359 poenis
609 1294 735 1360 gravibus
746 1292 861 1344 infestus
872 1291 975 1342 domus.

299 1361 450 1424 Quemfata
461 1368 561 1428 cogunt
567 1399 575 1424 ‚
585 1363 630 1413 ille
642 1378 702 1414 cum
714 1361 793 1412 venia
803 1365 845 1412 est
856 1361 954 1414 misera

297 1432 332 1480 dt
343 1431 365 1480 si
376 1431 434 1497 quis
446 1430 517 1481 ultro
528 1447 557 1481 se
568 1432 644 1482 malis
655 1429 736 1481 offert
746 1429 849 1490 volens,

297 1497 385 1566 Seque
395 1501 454 1564 ipse
466 1505 589 1566 torquet,
601 1500 715 1566 perdere
727 1506 769 1552 cst
779 1497 874 1564 dignus
884 1497 966 1558 bone,

299 1569 366 1628 Quis
377 1569 463 1616 nescit
473 1569 521 1618 uti.
559 1567 654 1618 Potius
667 1583 798 1618 annorum
809 1581 914 1618 memor

237 1634 288 1686 445
299 1636 419 1687 Mentem
430 1635 535 1686 relaxa:
547 1637 671 1688 noctibus
682 1635 760 1686 festis
773 1635 862 1686 lucem

297 1704 395 1755 Attolle
402 1713 501 1767 scuras
512 1703 638 1754 Bocchus
649 1709 780 1756 exoneret
789 1718 900 1771 gravem

297 1775 392 1824 Aetate
403 1772 505 1824 fruere:
518 1773 608 1824 mobili
620 1789 700 1824 cursu
712 1771 790 1840 sugit.

296 1841 373 1891 Nunc
384 1840 464 1892 facile
476 1848 585 1907 pectus,
595 1848 674 1908 grata
685 1858 755 1893 nunc
765 1841 854 1891 iuveni
863 1837 969 1890 Venus:

296 1910 408 1959 Exultet
418 1910 530 1960 animus.
567 1911 621 1960 Cur
631 1916 693 1960 turo
706 1909 787 1960 viduo
798 1906 888 1958 iaces!

237 1978 288 2026 450
300 1979 418 2028 Tristem
429 1978 567 2028 iuventam
576 1978 664 2038 solve;
676 1994 746 2028 nunc
757 1977 830 2028 lusus
842 1991 922 2042 rape;

297 2045 413 2096 Effunde
425 2043 557 2110 habenas;
570 2047 686 2110 optimos
697 2049 769 2097 vitae
780 2045 837 2096 dies

298 2112 415 2164 Effluere
427 2112 551 2178 prohibe!
572 2115 688 2180 Propria
698 2115 841 2180 descripsit
851 2113 918 2163 deus

298 2182 409 2241 Officia,
420 2187 553 2236 etuevum
565 2198 614 2249 per
624 2198 687 2234 suos
698 2183 773 2234 ducit
783 2181 893 2249 gradus.

298 2250 418 2301 Laetitia
427 2251 565 2314 iuvenem3
577 2251 653 2301 frons
664 2251 744 2302 decet
755 2251 840 2302 tristis
850 2264 952 2300 senem.

237 2319 286 2368 455
300 2318 371 2378 Quid
382 2324 409 2369 te
421 2333 546 2381 coerces,
558 2325 586 2370 et
597 2335 678 2370 necas
689 2327 793 2371 rectem
804 2315 940 2368 indolem}

298 2385 381 2453 Seges
392 2387 438 2436 illa
449 2403 574 2454 magnum
586 2387 682 2440 foenus
694 2387 830 2456 agricolae
842 2385 926 2446 dubit,

300 2455 483 2522 Quaecunque
495 2455 573 2508 laetis
584 2463 679 2508 tenero
688 2457 807 2508 luxuriet
817 2455 897 2516 sutis3

296 2525 435 2591 drborque
447 2525 519 2576 celso
531 2525 634 2578 uertice
646 2527 752 2576 evincet
762 2538 866 2585 nemus,

298 2595 386 2654 Quam
398 2608 452 2642 non
464 2593 582 2660 maligna
592 2594 682 2652 caedit
693 2599 740 2646 cut
751 2597 858 2644 resecet
867 2605 971 2642 rnsnus.

237 2661 287 2712 tto
298 2661 410 2730 ingenie
420 2659 516 2717 melius
527 2667 604 2714 recta
615 2677 644 2713 se
654 2663 681 2713 in
692 2659 899 2720 tartesiorum,
