2262 3082
252 221 285 270 14
449 219 483 270 L.
501 214 655 270 ANNAEl
675 218 866 271 SENECAE

310 320 476 388 Reditusque
486 323 575 372 lentos
586 337 637 372 nec
646 323 700 371 mei
711 336 845 372 memores
856 321 970 390 quereri

311 391 387 450 Tibi,
400 406 415 439 o
428 392 539 440 deorum
551 391 661 449 ductor,
671 390 796 438 indomiti
808 389 896 441 ferent

251 457 301 507 300
313 459 434 508 Centena
444 459 515 507 tauri
527 459 610 520 coda3
624 457 685 517 tibi,
697 456 804 522 frugum
817 466 927 522 potens,

271 521 280 537 '
312 524 426 576 Secreta
437 526 548 576 reddam
559 540 651 586 saura3
662 525 712 574 tibi
723 529 799 574 muta
811 526 864 577 fide

310 594 422 662 Longas
436 595 545 644 Eleusin
556 595 642 644 tacita
651 592 765 642 iactabit
776 592 852 644 iaces

309 663 380 710 Tum
392 665 533 712 restitutas
543 660 673 710 iratribus
684 661 765 710 robor
775 663 842 711 meis

308 731 430 792 Animas,
442 737 470 781 et
480 732 568 795 ipsum
578 745 663 795 regnu
675 729 860 779 moderantem
871 746 922 781 sua

248 795 298 848 005
310 798 420 849 Florere
432 807 546 864 patrem.
583 796 611 847 Si
623 802 715 863 quate
727 797 814 846 maior
823 803 900 848 tenet

308 866 433 915 Clausum
446 871 581 930 potestas:
593 867 738 931 sequimur.
775 866 828 914 dut
839 881 932 918 omues
941 871 990 919 tuo

307 933 431 982 Defende
443 933 529 981 reditu
541 948 650 996 sospes,
663 938 710 981 aut
721 945 813 982 omnes
825 933 916 985 trahe!
927 961 961 972 -

307 997 426 1060 Trabes,
438 1013 488 1048 nec
499 999 568 1048 ullus
576 1000 662 1064 eriget
672 999 776 1048 fractos
787 1000 864 1049 deus.

305 1081 406 1117 euru.
442 1067 466 1116 0
485 1067 561 1116 socia
571 1066 657 1114 nostri
668 1066 819 1130 sanguinis,
832 1072 909 1118 castel
919 1069 975 1120 fide

246 1135 296 1186 310
308 1134 424 1184 Serrana
435 1139 525 1184 torum
537 1140 669 1198 natosque
680 1134 844 1198 magnanimi
855 1135 995 1199 Herculis,

269 1211 271 1214 '
305 1203 421 1254 Meliora
430 1208 521 1252 mente
533 1203 658 1266 concipe,
672 1207 753 1267 atque
765 1201 881 1252 animum
893 1204 996 1255 excita!

306 1271 397 1321 Aderit
409 1269 548 1336 profecto,
561 1271 647 1337 qualis
658 1283 692 1320 ex
703 1269 774 1318 omni
786 1269 857 1320 solet

305 1339 427 1400 Labore,
438 1339 531 1388 maior.
559 1352 602 1388 us
610 1352 637 1387 0.
657 1338 737 1398 Quod
747 1338 824 1388 nimis
835 1340 927 1390 miseri
937 1341 1044 1404 volunt,

305 1408 367 1457 lloc
387 1405 468 1458 facile
490 1407 611 1458 creduut.
654 1419 741 1458 euru.
761 1407 818 1456 11110
835 1409 907 1474 quod
921 1415 1045 1460 metuunt

744 1489 837 1536 mnus,

201 1593 204 1596 ,
245 1541 294 1593 315
306 1541 449 1609 Nunquam
459 1545 562 1596 moveri
573 1558 654 1609 posse
665 1557 716 1593 nec
725 1541 785 1592 tolli
794 1548 904 1608 putant:

302 1611 395 1662 Prona
406 1617 447 1662 est
458 1613 549 1662 timori
559 1626 667 1677 semper
676 1613 704 1660 in
715 1612 792 1676 peius
803 1611 881 1662 fides.

302 1693 380 1730 uno.
416 1679 564 1732 Demersus
576 1683 609 1730 ao
620 1677 744 1730 defossus
756 1685 784 1729 et
793 1684 854 1730 toto
863 1680 975 1746 insuper

302 1749 456 1814 Oppressus
471 1749 551 1812 orbe,
572 1764 652 1816 quam
667 1748 738 1798 vium
759 1747 793 1796 ed
809 1745 929 1814 Superos
945 1747 1044 1800 hebeti

302 1831 403 1867 nuru.
432 1818 519 1878 Quam
536 1824 602 1870 tunc
617 1815 755 1934 habebat,l
771 1832 901 1884 comper
922 1823 1044 1870 arentem

728 1901 836 1950 pagam

242 1951 293 2002 320
305 1953 342 2002 Et
352 1951 516 2004 fluctuantes
526 1967 602 2002 more
613 1951 716 2000 turbati
726 1955 808 2002 maris

302 2021 374 2070 Abiit
385 2035 495 2081 arenas,
506 2020 601 2086 bisque
613 2019 755 2069 discedens
766 2018 867 2068 fretum

302 2089 339 2138 Et
348 2090 389 2138 bis
402 2103 556 2148 recurrens3
573 2101 687 2152 cumque
699 2085 808 2136 deserte
818 2092 877 2136 rete

300 2155 458 2222 Deprensus
469 2155 558 2206 haesit
567 2156 683 2220 syrtium
694 2154 820 2205 brevibus
831 2155 922 2218 vadis,

300 2225 337 2274 Et
347 2241 437 2292 puppe
449 2225 504 2274 iixd
514 2224 600 2273 marie
610 2223 749 2288 superarit
759 2222 852 2288 pedes.

194 2285 203 2334 ἲ
241 2291 291 2343 325
302 2307 345 2342 un
353 2309 379 2342 0.
399 2296 493 2360 iniqua
503 2307 566 2342 raro
577 2292 701 2358 maximis
713 2291 858 2342 virtutibus

300 2361 423 2412 Fortuna
433 2363 529 2428 parcit.
565 2359 652 2411 Nemo
664 2375 693 2410 se
704 2366 765 2410 tuto
777 2360 823 2410 diu

300 2430 432 2480 Periculis
445 2431 543 2482 offerre
553 2435 611 2479 tam
622 2429 723 2478 crebris
734 2435 834 2494 potest.

302 2498 387 2558 Quem
399 2515 481 2566 saepe
492 2499 590 2550 transit
601 2506 693 2559 casus,
705 2497 849 2563 aliquando
859 2499 968 2549 invenit

355 2566 407 2618 Sed
419 2567 498 2619 ecce!
510 2582 608 2621 saurus
619 2567 747 2616 eominus
759 2565 833 2615 vultu
845 2580 942 2632 gerens

240 2635 291 2686 030
302 2637 338 2686 Et
349 2637 433 2704 qualis
445 2639 534 2687 animo
547 2641 601 2698 est,
613 2634 674 2686 talis
684 2635 792 2685 incessu
804 2635 889 2696 venit,

302 2706 394 2757 Aliena
404 2706 500 2760 dextra
511 2711 621 2773 sceptra
632 2705 789 2756 concutiens
801 2703 904 2770 Lycus.
