2134 3088
249 217 299 273 888
447 215 482 269 L.
510 216 666 269 ANNAlil
695 215 895 274 suducuu

328 321 385 374 Det
394 327 472 389 pater
482 321 561 372 sedes
574 321 716 390 calidoque
727 322 849 372 Cancrur

249 389 318 444 1575
329 391 370 443 Ne
382 397 430 441 tuo
441 389 687 451 rultu'tremefueto
699 391 772 457 leges

328 463 409 512 Astra
420 459 596 520 conturbent,
608 459 778 526 trepidetque
789 459 888 512 Titan.

328 530 402 582 Vere
414 527 476 578 dum
490 526 570 578 llsrros
582 529 691 578 venient
702 528 815 594 tepenti,

331 602 367 650 ut
377 611 482 648 conium
493 595 566 647 silvis
578 594 680 647 hiemes
691 597 821 658 recident,

331 667 382 718 Vel
395 667 500 716 domem
513 665 586 714 silvis
596 666 736 716 revocabit
747 671 849 728 aestus,

252 735 320 790 1580
332 735 472 802 Pomaque
483 742 613 784 autumno
624 733 746 801 fugiente
757 733 868 797 cedent,

330 805 411 856 Nulla
421 811 449 854 te
460 805 539 854 tei-ru
551 803 638 869 rapiet
650 810 779 854 vetustas.

330 876 375 924 'l'u
386 888 477 924 comes
488 871 614 934 Phoebo,
627 887 720 923 errores
730 872 780 922 ibis
792 870 889 924 astris!

329 944 399 994 Ante
410 948 538 992 nascetur
548 957 627 1010 seges
637 941 664 990 in
677 939 821 1008 profundo,

330 1011 383 1063 Vel
394 1011 493 1062 fretum
505 1009 576 1060 dulei
589 1010 729 1062 resonabit
740 1009 825 1072 unds3

253 1077 320 1132 1585
331 1081 399 1130 Ante
410 1079 557 1130 descendet
567 1079 688 1146 glacialis
701 1079 784 1129 Ursae

332 1147 426 1208 Sidus,
439 1153 467 1196 et
478 1147 566 1196 Ponto
580 1149 664 1196 vetito
677 1146 791 1208 fruetur,

332 1218 420 1277 Quam
433 1222 494 1264 tuas
505 1215 598 1266 laudes
612 1213 701 1281 populi
715 1216 869 1282 quiescant.

331 1286 387 1346 Te,
399 1289 478 1350 peter
490 1299 592 1345 rerum,
603 1285 694 1334 miseri
706 1298 865 1350 precemur:

332 1353 413 1404 Nulla
424 1359 551 1402 nascatur
561 1351 632 1414 feru,
644 1351 716 1404 nulla
727 1352 826 1418 pestls;

253 1422 320 1475 159⁰
331 1421 392 1474 Non
404 1421 487 1472 duces
499 1437 596 1472 saeros
608 1421 761 1472 miseranda
770 1421 852 1472 tellus

333 1493 468 1552 Horreat3
480 1490 552 1540 nulla
561 1491 716 1540 dominetur
727 1489 797 1550 aule,

334 1561 386 1620 Qui
399 1565 475 1626 putet
487 1559 573 1609 solum
585 1559 668 1610 decus
678 1575 737 1610 esse
749 1557 835 1626 regni,

331 1628 444 1696 Semper
453 1629 587 1680 intensum
599 1631 717 1679 tenuisse
727 1628 838 1680 ferrum.

332 1696 360 1749 Si
372 1697 435 1764 quid
445 1698 472 1747 in
483 1699 563 1748 terris
575 1699 673 1748 iterum
684 1699 802 1758 timetur,

253 1767 320 1822 1595
332 1767 473 1819 Vindicem
485 1773 575 1817 terrae
587 1768 702 1833 petimus
713 1767 834 1818 relictae.

333 1835 419 1896 Hem,
431 1834 574 1902 quidboni
595 1836 709 1887 mundus
725 1834 816 1886 tonet!
839 1837 937 1904 Ecce,
955 1857 1019 1895 mue

332 1905 442 1956 Moeret
452 1904 561 1956 Alciden
574 1911 667 1972 pater..
697 1906 735 1955 An
748 1905 862 1955 deorum

334 1973 455 2035 Clamor,
469 1990 502 2024 on
513 1989 567 2024 rox
579 1980 621 2024 est
631 1973 740 2024 timidae
752 1975 910 2028 novercae}

332 2043 453 2093 Hercule
464 2058 498 2093 an
509 2043 567 2092 viso
579 2041 649 2109 fugit
659 2051 733 2093 astra
743 2041 828 2092 lunol

255 2108 322 2161 16⁰0
332 2110 434 2161 Passus
445 2127 478 2160 en
491 2111 595 2176 pondus
606 2111 733 2162 titubavit
743 2108 836 2162 Atlas!

333 2180 372 2229 An
383 2181 470 2246 magis
481 2181 531 2229 diri
543 2187 679 2231 trenmere
689 2180 785 2232 Manes

333 2247 490 2308 Herculem,
502 2254 531 2298 et
541 2250 624 2300 risum
638 2251 711 2300 canis
724 2249 877 2302 inferorum

332 2316 414 2382 Fugit
426 2315 547 2382 abruptis
557 2319 679 2384 trepidus
691 2317 811 2370 cetenisl

332 2385 473 2436 Fallimur:
485 2385 557 2436 laeto
568 2389 654 2449 venit,
666 2403 744 2450 eece,
755 2387 839 2450 vultu,
891 2397 894 2401 '

253 2451 320 2504 1605
333 2453 491 2517 Quemtulit
501 2455 602 2517 Poeas,
615 2453 786 2524 humerisque
796 2456 854 2508 tela

276 2555 280 2562 .
336 2521 433 2570 Gestat
444 2527 472 2572 et
482 2529 562 2572 notas
572 2525 679 2590 populis
693 2523 846 2590 pharetras,

335 2585 459 2638 Herculis
470 2587 561 2639 heres!

557 2727 765 2747 nnn-nna...—
