2274 3086
240 179 289 229 aon
360 237 368 250 ⁸
427 177 460 227 n.
480 177 635 228 anunm
656 164 850 232 sannone

299 295 338 332 cn
346 295 394 331 rr.
406 281 545 346 Rapienda
556 281 637 330 rebus
647 282 673 330 in
685 281 762 332 malis
775 297 905 348 praeceps
915 283 965 332 via
978 290 1040 334 est.

238 349 287 400 155
298 365 314 400 u
324 363 397 400 ura.
409 351 443 399 At
453 356 480 400 te
491 346 615 400 reflectat
626 351 747 416 coniugis
759 366 856 400 nomen
868 363 994 401 sacrum

299 431 397 468 carr.
410 418 511 468 Decem
522 433 570 484 per
581 433 666 468 annos
681 419 762 467 vidua
778 419 918 483 respiciam
935 419 1058 470 ultumi

297 499 398 536 sura.
409 485 565 536 Meminisse
577 485 658 536 debes
667 487 770 538 sobolis
782 501 814 536 ex
824 487 870 536 illo
880 493 953 536 tuae.

300 568 396 604 carr.
409 553 538 621 Equidem
551 559 578 603 et
588 555 692 622 iugales
705 556 775 606 tiliae
786 557 893 604 memini
904 553 1001 620 faces,

298 623 334 673 Et
345 639 473 690 generum
483 620 621 673 Achillem.
656 623 798 674 Praestitit
809 625 887 674 matri
900 623 1005 674 fidem!

238 692 288 742 160
300 705 400 742 rura.
412 691 536 742 Redemit
546 691 592 742 illa
603 691 696 742 elassis
707 694 835 742 immotae
847 707 946 754 moras,

300 761 337 810 Et
348 762 433 810 maria
444 762 522 827 pigro
533 761 588 810 fixa
597 761 728 828 languore
738 762 851 826 impulit.

302 843 364 878 cur
372 843 398 878 r.
408 829 488 895 Piget
499 827 638 895 doletque!
660 830 809 894 Tyndaris,
820 829 888 880 coeli
899 844 1005 896 genus,

298 898 425 948 Lustrale
437 898 515 948 classi
530 899 753 964 Doricaepeperi
765 897 860 964 caput!

298 966 422 1016 Resolvit
432 964 535 1018 animus
546 967 656 1033 virginis
667 965 801 1017 thalamos
811 981 897 1028 nicae,

238 1034 288 1084 165
300 1035 374 1094 Quos
384 1033 428 1084 ille
439 1034 534 1101 dignos
546 1035 657 1100 Pelopia
667 1035 733 1086 iecit
743 1035 836 1098 domo,

300 1103 367 1153 Cum
377 1105 454 1153 stetit
465 1103 499 1152 ad
510 1118 571 1153 aras
585 1118 632 1153 ore
644 1105 768 1154 sacrifico
780 1110 860 1170 pater

299 1171 387 1232 Quam
399 1171 545 1238 nuptiales!
568 1173 681 1222 Horruit
694 1171 807 1224 Calchas
817 1187 886 1224 suae

298 1239 439 1304 Responsa
449 1241 524 1290 vocis
536 1245 564 1290 et
574 1241 735 1292 recedentes
745 1241 832 1292 focos
842 1263 844 1266 ·

300 1309 322 1359 Ο
335 1309 439 1359 scelera
450 1323 557 1374 sempor
566 1309 714 1361 sceleribus
721 1311 834 1376 ,vincens
846 1307 956 1360 domus!
1006 1370 1007 1378 ἵ

239 1381 288 1430 lili
301 1380 403 1428 Cruore
413 1383 509 1436 ventos
519 1379 644 1440 emimus,
654 1377 753 1428 bellum
765 1393 839 1429 nece.

298 1461 365 1496 nur
373 1461 399 1496 a.
412 1445 465 1496 Sed
476 1446 536 1496 vela
547 1449 650 1513 pariter
661 1448 731 1498 mille
742 1447 867 1498 fecerunt
877 1450 961 1498 rates.

300 1529 397 1564 cnrr.
408 1513 469 1564 Non
481 1522 522 1566 est
533 1515 622 1565 soluta
633 1531 764 1582 prospero
776 1517 869 1566 classis
879 1515 945 1566 deo:

299 1585 388 1633 Eiecit
397 1583 470 1632 Aulis
480 1585 577 1648 impias
588 1591 669 1650 portu
679 1591 762 1634 rates.

299 1651 344 1702 Sic
356 1653 511 1718 auspicatus
519 1651 592 1702 bella
602 1668 655 1702 non
666 1653 762 1703 melius
771 1655 850 1719 gerit.

238 1722 288 1772 175
299 1723 396 1771 Amore
410 1727 506 1786 captae
519 1728 629 1787 captus,
639 1723 767 1771 immotus
779 1737 869 1786 prece.

300 1788 440 1842 Sminthea
450 1791 538 1840 tenuit
547 1790 634 1856 spolia
645 1789 765 1842 Phoebei
776 1792 857 1852 senis,
883 1827 889 1838 .

297 1859 400 1908 ,lrdore
412 1873 506 1909 sacrae
515 1860 625 1924 virginis
635 1859 689 1908 iam
699 1865 756 1908 tum
768 1857 868 1910 furens.

297 1925 358 1976 Non
368 1927 441 1976 illum
453 1925 568 1976 Achilles
580 1925 656 1976 flexit
666 1927 812 1977 indomitus
823 1928 914 1988 minis3
928 1967 930 1975 i

298 1993 359 2044 Non
370 1995 428 2056 ille,
441 1996 514 2045 solus
525 1994 581 2045 iata
593 1997 637 2062 qui
648 1996 739 2044 mundi
749 1996 833 2058 videt,

237 2063 288 2112 18⁰
299 2064 329 2113 ln
340 2078 389 2112 nos
401 2063 486 2114 fidelis
498 2079 597 2130 augur,
608 2065 634 2130 in
647 2070 741 2130 captas
751 2064 832 2126 leris;

298 2130 359 2182 Non
370 2131 484 2196 populus
496 2147 591 2199 aeger,
603 2139 631 2182 et
642 2133 794 2182 relucentes
804 2133 877 2198 rogi:

225 2199 229 2204 ’
297 2201 372 2250 Inter
383 2201 484 2250 ruentis
497 2201 629 2252 Graeciae
640 2207 760 2269 stragem
771 2200 892 2250 ultimam

298 2267 361 2318 Sine
372 2265 451 2318 hoste
461 2269 548 2318 victus
560 2275 663 2332 marcet
674 2285 705 2320 at
717 2269 817 2332 Veneri
828 2272 918 2332 vacat,

298 2337 470 2402 Reparatque
483 2351 601 2400 amores3
614 2353 680 2388 neve
692 2337 815 2388 desertus
826 2337 898 2387 foret
943 2399 945 2402 Ι
1000 2335 1002 2342 ’

238 2407 287 2456 185
300 2407 320 2456 Α
332 2405 427 2470 pellice
438 2421 555 2472 unquam
567 2406 684 2456 barbara
695 2405 804 2456 coelebs
815 2411 902 2466 torus,

297 2475 422 2524 Ablatam
433 2473 527 2526 Achilli
541 2475 628 2544 diligit
638 2475 814 2540 Lyrnessida,

298 2542 357 2593 Nec
369 2557 465 2606 rapere
477 2543 572 2608 puduit
582 2558 597 2592 e
608 2543 666 2592 sinu
679 2543 799 2592 avulsam
807 2542 866 2592 viri.
976 2605 980 2609 ‚

295 2611 338 2672 En
351 2611 455 2662 Paridis
467 2610 585 2660 hostem!
608 2610 699 2666 Nune,
711 2626 809 2660 novum
821 2609 917 2659 vulnus
931 2621 1039 2674 gerens,

296 2679 395 2727 Amore
406 2677 543 2746 Phrygiae
553 2678 622 2728 vatis
633 2679 757 2727 incensus
770 2677 848 2741 iurit3
889 2737 893 2744 ¹
