2274 3086
211 157 214 163 '
241 177 292 230 mo
429 173 463 224 u.
490 171 651 244 anunm
674 168 863 224 sunnone
955 215 964 226 .

301 291 341 330 nn
349 289 465 326 elenu.
477 275 570 326 Pretio
582 279 677 338 parata
686 274 803 324 vincitur
813 274 902 338 pretio
914 273 1000 326 tides.

302 343 504 410 cunmsurgit
514 343 637 393 residuus
648 343 776 408 pristinae
788 343 885 392 mentia
896 343 1004 407 pudor.

305 414 375 476 Quid
387 411 538 478 obstrepisl
548 411 612 477 quid
623 426 690 460 voce
703 410 875 476 blandiloqua
884 410 963 462 niala

245 483 295 536 ebo
307 481 424 534 Consilia
434 477 536 530 dictast
559 477 669 532 Scilicet
679 479 776 528 nubam
789 479 838 528 tibi

304 552 408 618 Regum
418 549 514 600 relicto
526 563 591 614 rege
601 562 735 615 generoso
745 545 833 597 exulil

306 631 468 670 auoisnu.
479 619 515 668 Et
526 617 676 667 coronide
687 615 781 666 videon·
790 614 902 664 inferior
912 615 978 678 tibi,
1007 673 1012 682 ¹

306 688 411 740 Gnatus
422 683 580 752 Thyestae!
592 699 630 735 cu
638 698 687 734 nu.
700 682 727 733 Si
734 698 828 749 parum
836 689 890 745 ent,
902 685 994 736 adde:
1006 693 1063 748 „et

725 755 837 818 nepos.“

305 837 468 878 iaanenu.
479 823 598 874 Auctore
607 819 722 876 Phoebo
733 822 842 938 gigplor:
854 817 926 870 baud
937 824 1062 888 genonis

742 905 778 954 pu
796 895 833 940 et.

246 963 298 1016 2⁹5
312 959 551 1012 cunmPhoebum
562 958 696 1012 nefandae
703 959 943 1024 stirpieauetorem
954 973 1062 1022 vocas,

307 1032 394 1092 Quem
404 1035 485 1080 noete
496 1029 585 1080 subita
596 1025 675 1076 frena
684 1033 856 1078 revocantem
865 1041 916 1076 sua

306 1099 389 1151 Coelo
401 1095 558 1162 expulistisl
581 1096 652 1156 Quid
662 1095 728 1146 deos
740 1095 825 1160 probo
837 1093 984 1149 addimuel

307 1166 452 1232 subripere
463 1165 559 1216 doctus
570 1165 665 1214 fraude
675 1164 795 1230 geniales
806 1169 893 1224 toros,

307 1237 394 1298 Quem
406 1248 504 1284 venere
514 1238 619 1284 tantum
631 1233 729 1282 ecimus
739 1232 841 1282 inlicita
851 1232 947 1293 virum,

246 1305 298 1355 300
310 1305 427 1356 Facesee
439 1317 569 1368 propere,
581 1317 613 1352 ue
624 1301 743 1351 dedecus
754 1301 843 1351 clarae
855 1300 951 1350 domus

307 1374 424 1440 Asporta
435 1371 468 1420 ab
480 1370 578 1420 oculis:
591 1367 659 1424 haec
670 1375 750 1419 vacat
762 1370 817 1436 regi
830 1385 862 1418 ae
873 1371 940 1422 vii-0.

308 1453 471 1492 nnuman.
490 1440 579 1490 Exilia
588 1437 653 1491 mihi
665 1444 727 1488 sunt
743 1436 814 1488 haud
831 1451 918 1501 novo;
935 1438 1060 1494 adsuevi

751 1507 837 1558 malie.

309 1576 339 1629 Si
347 1583 377 1628 tu
387 1578 518 1642 imperas,
530 1575 635 1642 regina:
647 1591 701 1626 non
713 1581 818 1626 tantum
829 1574 910 1626 domo

308 1648 419 1714 Argisve
431 1644 512 1706 cedo;
525 1645 550 1692 ni
563 1659 655 1694 moror
664 1646 739 1696 iussu
749 1651 795 1695 tuo

246 1717 299 1766 305
310 1716 420 1782 Aperite
431 1713 505 1764 lemo
517 1717 612 1778 pectus
623 1715 756 1764 aerumnis
762 1727 858 1780 ,grave

224 1833 228 1840 ,
309 1798 404 1834 cuna.
416 1780 732 1850 Siquidemhoccrueuta
743 1783 879 1847 Tyndaris
887 1781 1057 1836 florisinam.

309 1854 386 1914 Quae
396 1854 488 1902 iuncta
498 1857 608 1916 peccat,
620 1849 701 1900 debet
712 1857 739 1900 et
750 1851 845 1916 culpae
856 1851 945 1900 fidem.

247 1959 250 1964 .
310 1920 414 1972 Secede
426 1935 530 1970 mecum
544 1920 646 1984 potius:
657 1925 687 1968 ut
698 1934 787 1970 rei-um
799 1924 899 1970 statum

310 1990 427 2042 Dubium
439 2004 471 2040 ae
480 1989 612 2038 minacem
624 1988 718 2038 iuncto
729 1988 841 2040 consilia
852 1987 1000 2053 explicent.

400 2129 591 2184 'ononun
613 2123 886 2186 anawanum.

308 2261 417 2306 Choma
432 2260 558 2314 uirginibus
566 2260 699 2314 Mycenaeis
712 2268 736 2304 et
749 2261 842 2317 Argiuis
856 2262 921 2304 counit
935 2261 1059 2316 Apennini,

250 2319 376 2376 pneaemuob
384 2321 480 2372 pertram
489 2315 613 2357 victorium
618 2331 626 2363 ,·
632 2315 747 2360 interserit
753 2317 1057 2366 outemlnnom'sl'nlladis.

249 2389 290 2432 pne
296 2377 372 2418 lauda
382 2378 404 2415 et
415 2371 505 2415 Dianae
514 2378 536 2413 et
544 2369 614 2412 ivon.
713 2397 716 2407 .

250 2466 300 2516 31⁰
312 2464 420 2524 canite,
432 2478 447 2513 o
459 2461 544 2529 pubes
555 2461 660 2522 inclita,
672 2460 824 2516 Phoebum!

309 2533 371 2584 Tibi
383 2531 455 2582 lenta
466 2537 549 2596 caput
559 2531 639 2580 turba
651 2539 777 2596 coronat3

309 2601 372 2652 'l'ibi
382 2601 517 2668 virgineas
528 2601 633 2649 laurum
646 2602 769 2664 quatiens

308 2667 351 2720 De
363 2683 438 2720 more
450 2683 542 2720 comas
554 2667 655 2717 innuba
665 2667 753 2718 fundit
846 2707 849 2720 ,
