2280 3088
298 219 584 310 rrlrifouurus.
619 221 758 273 hc'r.v.
814 235 819 244 ⁴
882 221 932 272 143

136 324 298 391 Hippolyte,
310 325 378 376 tales
389 325 481 374 intuor
492 322 580 372 vultus
590 327 662 384 tuos,

135 395 269 460 'i'alesque
281 393 350 442 fecii
371 392 495 442 Membra
505 393 564 458 quis
575 406 673 441 saevus
684 389 763 453 Sinis,

133 463 186 512 hut
196 463 254 528 quis
266 461 428 517 Procrustes
438 459 553 526 sparsit?
576 466 624 510 eut
634 460 692 526 quis
704 461 835 522 Cressius,
863 461 931 510 1110

134 530 275 582 Daedalea
285 537 363 580 vasto
375 530 493 580 claustra
504 530 607 596 mugitu
619 527 736 593 replens,

136 599 244 649 Taurus
253 597 390 660 biformis,
402 613 449 649 ore
461 599 603 664 cornigero
614 596 702 656 ferox,

136 665 270 718 Divuisiti
289 667 352 718 Heu
363 667 418 718 mel
439 683 492 733 quo
504 672 565 715 tuus
577 665 648 731 fugit
658 665 751 726 decor,

137 736 269 802 Oculique
276 771 283 796 ,
296 741 418 786 nostrum
429 733 519 784 sidus?
541 735 679 784 Exanimis
690 731 780 784 iaces?

136 804 208 854 Ades
218 819 376 870 parumper,
388 804 524 869 verbaque
535 801 632 852 exaudi
643 800 715 850 mea!
866 803 932 854 1175

139 871 184 922 Nil
195 877 274 936 turpe
284 871 427 938 loquimur.
464 873 524 920 iiac
535 885 616 920 nranu
627 884 729 934 poenas
739 869 789 918 tibi

140 939 264 1002 Solvam,
276 949 303 990 et
314 939 431 991 nefando
442 939 547 1004 pectori
558 937 659 988 ferrum
669 939 795 1000 inseram,

140 1009 287 1076 hnimaque
299 1007 452 1060 Phaedram
463 1009 565 1073 pariter
575 1022 608 1058 ac
618 1008 720 1058 scelere
733 1022 843 1070 exuam3

140 1079 177 1128 Et
188 1084 214 1128 te
226 1093 275 1144 per
285 1077 371 1128 undas
382 1093 483 1144 perque
495 1078 644 1128 'l'artareos
654 1076 738 1138 lacus,

140 1147 195 1198 Per
206 1144 237 1196 St
258 1161 308 1213 ga,
317 1161 367 1212 per
378 1161 470 1196 amnes
480 1147 575 1212 igneos
590 1161 681 1196 amens
692 1143 802 1212 sequarl
869 1146 936 1195 troo

141 1215 223 1266 Place
254 1232 285 1265 us
295 1215 418 1265 umbras:
429 1215 525 1280 capitis
538 1216 648 1266 exuvias
663 1229 739 1280 cape,

142 1283 319 1351 Laceraeqne
329 1283 426 1334 frontis
438 1285 532 1350 accipe
543 1283 691 1334 abscissam
702 1283 820 1334 comum!

142 1352 204 1404 Non
215 1353 291 1403 licuit
302 1354 406 1403 animos
415 1353 540 1418 iungero;
552 1359 581 1401 at
592 1357 665 1402 corte
677 1353 740 1402 licet

142 1423 264 1472 lunxisse
274 1421 341 1472 fata.
375 1422 499 1482 Morere,
511 1423 532 1470 si
545 1428 621 1470 casta
631 1435 675 1481 es,
686 1421 759 1481 viro;

143 1488 172 1540 Si
183 1491 299 1552 incesta,
312 1491 407 1540 amori.
444 1491 570 1556 Coniugis
583 1487 716 1538 thalamos
727 1494 814 1554 poton

143 1559 234 1608 Tanto
244 1560 372 1624 impiatos
383 1556 521 1612 facinorei
541 1558 604 1608 Hoc
615 1557 710 1608 deerat
722 1556 808 1618 nefas,

141 1628 179 1677 Ut
188 1627 324 1678 vindicato
335 1631 430 1678 sancta
440 1625 569 1676 fruereris
580 1624 654 1675 toro!

142 1696 251 1746 Omors
263 1695 374 1760 pudoris
386 1696 529 1744 maximnm
540 1695 605 1744 laesi
619 1693 710 1753 (iocus,

142 1764 165 1814 0
177 1779 250 1814 mors
262 1761 361 1814 amoris
372 1779 427 1812 una
436 1763 563 1812 sedamen
575 1761 646 1821 mali,

144 1829 322 1897 confugimus
332 1831 365 1879 ad
377 1838 417 1880 te:
429 1830 516 1895 pande
528 1830 650 1894 placatos
662 1826 749 1878 sinusl

140 1901 253 1960 Audite,
264 1897 398 1960 Athenae,
410 1903 506 1965 tuque,
518 1897 627 1948 funesta
638 1901 717 1962 pater

140 1971 224 2022 Peior
234 1983 365 2019 noverca:
377 1967 446 2017 falsa
456 1967 616 2028 memorari,
629 1973 656 2016 et
666 1963 752 2028 nefas,

142 2037 223 2100 Quod
233 2039 294 2104 ipsa
304 2037 414 2088 demens
426 2042 537 2103 pectore
547 2037 642 2086 insano
653 2033 794 2086 hauseram

140 2107 260 2160 Mentita
270 2107 344 2156 hnxi.
378 2104 458 2158 Vana
468 2106 567 2172 punisti
579 2112 665 2172 pater,

141 2178 303 2244 iuvenisque
314 2180 407 2226 castus
419 2177 529 2226 crimine
540 2176 644 2226 incesto
656 2175 737 2224 iacet.
759 2202 790 2212 --

141 2245 274 2308 Pudicus,
285 2247 387 2306 insons,
398 2245 488 2310 recipe
499 2245 552 2294 iam
564 2259 653 2294 mores
664 2241 739 2294 tuost
751 2271 782 2280 -

140 2315 275 2366 Macrone
286 2320 382 2380 pectus
393 2315 504 2378 impium
514 2315 585 2363 iusto
597 2318 682 2378 patet,

143 2386 282 2452 Cruorque
294 2387 389 2434 saneto
400 2383 480 2433 solvit
490 2381 601 2433 inferias
611 2379 680 2432 viroi

144 2453 214 2514 Quid
227 2453 319 2502 iacere
331 2457 411 2518 rapto
423 2452 523 2502 debeas
533 2456 616 2518 gnato
628 2465 734 2515 parens,

142 2523 225 2573 Disce
237 2537 254 2572 a
264 2535 394 2572 noverca=
405 2521 522 2571 condere
536 2517 694 2570 Acherontis
706 2517 805 2584 plagis.
