2274 3086
174 223 178 237 '
248 232 528 314 uoluentium
562 237 716 291 lemur.
829 239 879 289 nu

64 339 177 392 Satiate
189 341 272 390 tantis
283 339 424 400 coelitum,
440 337 551 388 tandem
561 343 638 388 tuum

64 410 179 461 Numen
190 408 299 460 serena!
323 407 449 458 Cladibus
460 408 560 458 nostris
572 407 651 458 daret

65 479 367 532 Vel'l'roialaerimas.
400 477 470 526 Odia
480 478 501 526 si
514 476 613 526 durant
624 483 681 542 tue,
829 478 880 528 520

66 548 222 614 Placetque
234 548 304 596 mitti
315 545 446 596 Doricum
458 546 542 596 exitio
553 561 651 612 genus:

70 617 147 678 Quin
159 615 209 666 hos
219 615 299 665 simul
311 615 399 680 perire
411 614 551 664 nobiseum
562 615 646 676 iuvet,

71 686 180 746 Quibus
192 682 326 749 perimunt
348 681 443 733 Sistite
453 683 581 734 ludentum
592 699 681 736 urere:

69 751 159 806 Vehit
168 754 222 802 ista
233 753 344 802 Danaos
357 751 467 802 elassisl
488 759 518 802 et
530 753 619 802 'l'roas
630 751 730 804 vehit.“

69 821 132 874 Nec
145 821 222 886 plura
233 827 358 886 possunt:
370 825 488 886 occupat
498 835 592 871 vooem
605 837 688 883 mare

70 893 148 942 Eece
161 889 214 939 ulia
225 888 328 940 clades!
349 889 460 940 fulmine
471 891 533 939 irati
546 890 617 940 loris
768 947 770 952 .

70 962 187 1010 Armata
199 958 303 1018 Pallas,
316 958 444 1024 quidquid
457 964 504 1008 aut
520 956 600 1008 haste
609 959 709 1022 minax,

71 1030 126 1079 Aut
138 1027 234 1094 aegide
246 1034 273 1077 et
284 1026 377 1078 furore
395 1027 543 1093 Gorgoneo
555 1032 655 1092 potest,

72 1099 128 1148 Aut
138 1098 200 1164 igne
212 1097 315 1161 patrio,
327 1101 428 1146 tentat:
441 1103 469 1145 et
480 1093 557 1145 coelo
570 1109 657 1146 norae

73 1165 185 1232 Spiraut
199 1165 342 1231 procellae.
378 1163 458 1214 Solus
469 1165 585 1213 invictus
596 1165 674 1215 malis

72 1235 210 1284 Laetatur
220 1235 295 1284 Alam
332 1233 402 1285 Vela
414 1239 557 1300 cogentem
569 1231 640 1283 hune
651 1248 700 1284 sua

76 1305 169 1353 Tenso
181 1303 296 1352 rudente
308 1303 419 1353 flamma
430 1303 588 1367 perstrinxit
600 1302 710 1354 cadens.

75 1371 207 1422 Libratur
217 1372 289 1421 aliud
300 1371 416 1434 lulmeu3
428 1371 480 1422 hoe
492 1377 551 1420 toto
562 1372 667 1436 impetu

79 1441 189 1490 Certum
204 1441 319 1490 reducta
329 1439 420 1492 Pallas
431 1441 552 1489 excussit
562 1454 653 1501 manu,

75 1510 186 1558 lmitata
196 1515 309 1573 patrem.
347 1509 459 1557 Transit
474 1509 582 1557 Aiacem
593 1513 622 1558 et
630 1513 726 1570 ratem,
830 1509 880 1561 535

78 1577 206 1642 Ratisque
218 1581 323 1640 partem
334 1591 427 1626 seeum
439 1583 467 1626 et
478 1577 587 1626 Aiacem
599 1576 668 1627 tulit.

77 1644 122 1696 Nil
132 1644 175 1694 ille
187 1648 286 1704 motus,
298 1643 384 1694 ardua
393 1650 424 1694 ut
435 1650 543 1706 cautes,
555 1645 612 1696 salo

77 1713 221 1765 Ambustus
233 1717 322 1773 extat,
334 1712 436 1763 dirimit
446 1715 570 1763 insanum
582 1729 667 1776 mare,

77 1783 241 1847 Fluctusque
252 1782 354 1846 rumpit
364 1787 485 1846 pectore,
497 1788 526 1832 et
535 1797 632 1831 navem
643 1797 725 1832 manu

79 1850 240 1915 Complexus
251 1851 278 1898 in
289 1863 319 1900 so
330 1851 428 1911 traxit,
440 1857 468 1901 et
481 1865 565 1900 eoeeo
577 1851 646 1900 mari
829 1852 880 1902 540

80 1919 209 1972 Conlueet
222 1919 301 1979 dian
324 1933 404 1970 omne
416 1919 573 1986 resplendet
584 1917 693 1969 fretum.

80 1988 200 2040 Tandem
213 1993 348 2052 occupata
357 2003 425 2054 rupe
436 1988 609 2039 furibundum
620 1989 736 2051 intonat,

84 2057 230 2124 Superesse
241 2071 314 2108 nune
324 2073 353 2107 se
366 2057 477 2126 pelagus
489 2063 570 2125 atque
582 2059 667 2125 ignes.
704 2061 802 2121 „iuvat

80 2127 182 2179 Vicisse
195 2127 313 2187 eoelum,
326 2127 477 2190 Palladem,
489 2127 605 2190 fulmen,
616 2127 704 2180 mare!

81 2195 140 2248 Non
149 2211 191 2246 me
204 2194 309 2263 fugavit
319 2195 408 2248 bellici
418 2205 509 2247 terror
520 2196 578 2259 dei3
829 2199 879 2249 545

81 2269 116 2318 Et
125 2266 272 2317 Hectorem
284 2281 338 2316 uua
347 2266 421 2318 solus
432 2273 460 2317 et
470 2266 588 2316 Martem
600 2267 663 2331 tuli3

81 2333 267 2386 Phoebeane'e
278 2349 321 2386 me
332 2336 387 2386 tela
398 2337 559 2403 pepulerunt
569 2336 668 2402 gradus

83 2405 146 2453 Gum
156 2401 309 2470 Phrygibus
319 2406 387 2456 istos
399 2407 521 2456 vicimus.
549 2406 626 2456 Tene
637 2404 782 2457 horreaml

81 2471 169 2521 Aliena
178 2473 258 2522 inerti
269 2474 324 2523 tela
335 2476 418 2526 mittis
430 2475 551 2526 dextera.
662 2518 666 2522 .

84 2539 163 2601 Quid,
174 2541 195 2589 si
205 2540 263 2604 ipse
273 2543 399 2592 mittatl“
410 2543 494 2594 Plura
505 2558 565 2594 eum
577 2543 691 2594 auderet
702 2543 809 2596 furens:
829 2545 880 2595 550

85 2608 209 2658 Tridente
223 2623 316 2674 rupem
328 2612 434 2662 subruit
445 2613 549 2678 pulsam
563 2619 641 2677 pater

82 2676 233 2743 Neptunus,
244 2678 304 2727 imis
316 2693 430 2731 exerens
442 2682 520 2731 undis
533 2687 624 2747 eaput,

86 2745 216 2812 Solvitque
228 2751 359 2810 montem;
382 2765 462 2816 quem
474 2751 573 2802 eadens
584 2763 676 2801 seeum
687 2750 757 2814 tulit,
783 2728 800 2740 ⁶

141 2813 214 2867 Seu.
234 2815 341 2866 Turn.
697 2819 715 2871 s
