2280 3088
223 165 272 215 res
343 137 345 142 ’
401 163 435 214 n.
471 161 626 214 nuunur
644 161 834 212 sunnone

283 267 444 332 Patrincque
456 267 572 326 cineres,
584 270 665 330 taque
676 268 811 314 rectorem
823 261 974 330 Phrygum,

239 337 273 385 3⁰
285 337 372 396 Quem
384 335 469 383 'l'reia
479 338 538 382 toto
551 333 687 384 eonditum
700 345 784 398 regno
794 333 871 398 tagit,

281 405 409 468 'l'uosque
420 416 513 451 manes
523 437 531 461 ‚
543 416 596 466 quo
607 401 684 450 stetit
693 406 782 450 stante
793 400 870 460 ilion,

282 471 377 520 Etrus
388 485 508 521 meorum
519 468 632 520 liberum
643 469 733 535 magni
744 483 851 534 greges,

283 539 400 590 Umbrae
411 539 542 588 minores:
556 538 683 604 quidquid
697 536 805 586 adversi
816 535 925 598 accidit,

284 607 467 672 Quaecunque
479 604 604 656 Phoebas
616 621 664 656 cre
674 603 815 670 lymphato
828 603 928 666 furens,

239 677 272 728 35
287 675 366 728 Credi
376 675 427 724 deo
438 679 559 734 vetante,
572 673 706 739 praedixit
715 673 795 734 mala,

282 745 363 795 Prior
373 743 488 793 Hecuba
498 742 550 791 ridi
560 742 686 808 gravida,
698 757 749 793 nec
760 741 834 790 tacui
844 743 941 800 metus,
1033 751 1046 770 ·

282 814 318 863 Et
328 826 398 861 vana
408 808 485 860 rates
496 815 558 862 ante
570 809 748 862 Cassandram
758 809 805 859 fui.

282 880 344 930 Nan
357 885 452 928 cautus
462 879 538 943 ignes
549 876 657 928 ithacus
668 885 715 928 aut
726 877 811 929 ithaci
824 891 915 927 comes

283 948 439 998 Nocturnus
449 947 477 994 in
487 961 535 996 ves
545 947 658 1012 sparsit,
670 953 718 996 aut
729 946 813 996 fallax
823 944 919 994 Sinon:

241 1018 275 1068 40
286 1017 365 1066 Meus
375 1016 444 1079 ignis
454 1015 507 1068 iste
518 1022 573 1074 cst,
585 1013 690 1066 facibus
700 1015 802 1064 ardetis
812 1014 886 1063 meis.

285 1082 339 1134 Sed
351 1082 413 1148 quid
426 1085 515 1131 ruinas
526 1083 599 1131 urbis
611 1097 722 1134 eversae
733 1082 828 1149 gemis,

284 1153 373 1204 Vivax
383 1149 525 1200 senectusi
546 1150 661 1214 Respice
671 1149 766 1200 infelix
776 1149 811 1199 ad
821 1147 870 1199 hos

284 1219 389 1270 Luctus
401 1224 536 1268 recentes:
548 1219 633 1268 'l'roia
642 1221 696 1270 ianr
706 1225 784 1270 vetus
795 1222 837 1268 est
846 1216 954 1268 malum.

285 1287 348 1340 Vidi
359 1287 540 1336 execrandum
550 1287 642 1352 regiae
654 1287 745 1337 caedis
756 1285 841 1346 nefas,

241 1357 416 1422 carpensque
428 1354 462 1404 ad
474 1369 535 1404 aras
546 1358 633 1405 nraius
644 1355 789 1405 admissum
801 1353 889 1404 scelus

284 1424 385 1476 Aiacis:
398 1424 479 1472 armis
491 1437 551 1472 cunr
563 1421 655 1490 feror,
666 1438 749 1473 saera
759 1437 840 1472 manu

286 1495 370 1542 Coma
379 1489 522 1542 reflectens
534 1492 636 1556 regium
648 1496 722 1542 torta
732 1496 822 1556 ceput,

284 1560 346 1610 Alta
357 1557 502 1609 nefandum
514 1559 617 1610 vulneri
628 1559 729 1610 ferrum
741 1559 858 1622 abdidit3

287 1627 367 1688 Quod
377 1628 483 1693 penitus
494 1631 584 1678 actum
596 1643 657 1678 cunr
668 1629 816 1694 recepisset
825 1627 920 1690 libens,

243 1695 277 1746 50
288 1697 367 1746 Ensis
378 1695 453 1746 senili
464 1697 552 1746 siccus
564 1712 578 1748 e
589 1696 682 1763 iugulo
693 1697 772 1748 redit.

285 1764 400 1814 Placare
413 1779 491 1830 quern
502 1780 555 1814 non
568 1767 683 1830 potuita
694 1766 777 1816 caede
790 1763 875 1816 effera

286 1832 410 1882 Mortalis
423 1834 481 1884 aevi
493 1833 631 1886 cardinem
642 1841 792 1884 extremum
804 1848 936 1898 premens,

287 1897 437 1967 Superiquc
448 1907 533 1952 testes
545 1903 669 1964 sceleris,
681 1908 709 1952 et
719 1901 856 1970 quendam
866 1915 975 1952 sacrum

287 1969 373 2034 Regni
384 1968 515 2019 iacentis?
535 1971 582 2020 lire
594 1977 637 2020 tot
647 1987 741 2037 regum
751 1987 850 2037 parens

245 2035 279 2086 55
291 2037 373 2086 Caret
383 2037 508 2102 sepulcro
518 2038 656 2100 Priamus,
669 2047 696 2088 et
706 2039 814 2089 flamma
825 2038 929 2104 indiget

287 2104 406 2156 Ardente
422 2106 515 2156 Troia.
551 2106 612 2156 Non
622 2113 713 2157 tamen
726 2106 836 2173 Superis
848 2111 892 2156 sat
902 2110 957 2155 est:

288 2172 448 2233 Dominum,
460 2173 651 2224 eccci‘Priarui
660 2176 771 2225 nuribus
782 2181 810 2226 et
821 2175 910 2240 gnatis
920 2173 1014 2240 legens

290 2238 410 2290 Sortitur
420 2255 495 2290 urna.
531 2241 638 2293 Praeda
650 2258 728 2309 quern
739 2244 798 2293 vilis
808 2239 924 2308 sequar?

289 2308 343 2358 Hic
354 2308 483 2359 Hectoris
494 2311 782 2376 coniugiadespondet
793 2311 859 2373 sibi3
938 2323 942 2330 ’
971 2317 978 2329 ·
1010 2317 1017 2326 “

248 2377 282 2427 dd
293 2375 346 2426 Hic
359 2381 436 2441 optat
446 2378 542 2428 Heleni
555 2381 710 2446 coniugem3
722 2379 767 2430 hic
777 2377 934 2440 Antenoris;

289 2443 348 2493 Nec
360 2443 446 2507 deest,
457 2450 533 2507 tuns,
546 2448 710 2508 Cassandra,
722 2449 768 2514 qui
778 2444 912 2496 thalamos
922 2447 1013 2510 petat:

290 2512 355 2562 Mea
365 2527 424 2562 sors
436 2515 558 2576 timetur3
569 2515 628 2564 sola
638 2531 696 2564 sum
708 2515 810 2566 Danais
821 2520 918 2564 metus.

291 2579 426 2630 Lamenta
436 2580 559 2630 cessanti
582 2583 689 2644 Turba,
702 2585 839 2650 captivae,
850 2597 921 2644 mea,

290 2647 383 2698 Fen'te
394 2647 490 2714 palmis
501 2655 629 2715 pectora,
641 2657 669 2702 et
680 2653 804 2719 planctus
815 2650 889 2714 date,
