2274 3086
290 184 495 238 TROADES.
530 185 618 238 ACT.
633 185 685 235 ΠΙ.
852 187 903 236 201

104 302 176 340 ssu.
188 285 291 340 Cohibe
304 301 448 353 parumper
459 301 521 346 ora,
532 292 696 354 questusque
708 289 843 353 opprime:

104 358 219 408 Gressus
230 355 363 406 nefandos
375 355 429 406 dux
441 353 631 422 Cephallenum
642 355 777 408 admovet.
811 379 815 384 ·

101 439 169 475 nuo
177 440 204 474 n.
215 423 333 474 Dehisce
346 423 439 486 tellus,
448 431 534 489 tuque
546 426 645 474 coniux
655 423 749 474 ultimo

104 492 193 558 Spccu
203 493 337 544 revulsam
348 492 440 544 scinde
452 493 589 553 tellurem,
601 497 628 540 et
639 489 733 558 Stygis

105 561 170 612 Sinu
180 561 315 626 profundo
327 560 414 610 conde
424 560 576 626 depositum
588 559 690 610 meum!
852 561 903 612 525

101 629 186 680 Adest
197 629 321 694 Ulysses‚
333 634 361 679 et
372 629 479 694 quidem
490 628 572 678 dubio
583 627 671 693 gradu

61 737 68 742 -
102 698 254 764 Vultuque:
266 698 350 748 nectit
361 703 473 760 pectore
485 702 560 748 astus
571 696 692 748 callidos.

105 780 154 816 uu.
165 766 259 816 Durae
269 766 391 814 minister
400 765 498 826 sortis,
509 763 561 814 hoc
573 766 688 829 primum
699 773 773 832 peto,
791 782 798 796 ·

104 836 140 885 Ut
151 849 198 884 ore
211 835 332 900 quamvis
343 833 426 883 rerba
436 833 561 882 dicantur
571 848 642 894 oreo,

104 902 167 954 Non
177 917 237 952 esse
250 901 346 952 credas
357 907 463 952 nostra:
477 901 621 952 Graiorum
632 902 750 952 omnium
854 901 904 952 530

105 972 308 1037 Procerumque
319 985 371 1020 vox
383 975 438 1030 est,
450 975 544 1034 petere
554 985 622 1036 quos
633 969 708 1022 seras
719 971 814 1020 domos

105 1041 248 1090 Hectorea
258 1038 366 1089 soboles
378 1037 512 1104 prohibet.
549 1039 629 1098 Hanc
638 1038 697 1090 fata
709 1043 852 1104 expetunt:

106 1107 230 1158 Sollicito
244 1107 355 1157 Danaos
366 1108 441 1172 pacis
452 1107 573 1157 incertae
586 1107 653 1158 fides

107 1174 221 1240 Semper
232 1175 350 1236 tenebit,
362 1190 470 1240 semper
480 1189 497 1224 a
506 1181 585 1241 tergo
596 1175 677 1226 timor

105 1245 253 1309 Respicere
266 1249 359 1308 coget,
370 1259 446 1294 arma
456 1259 505 1294 nec
518 1244 581 1309 poni
592 1245 671 1305 sinet,
857 1243 906 1293 535

106 1312 179 1364 Dum
190 1309 345 1378 Phrygibus
356 1313 460 1362 animos
471 1318 569 1378 gnatus
581 1313 681 1362 eversis
694 1311 778 1371 dabit,

105 1379 304 1432 Andromacha.
336 1394 402 1430 sun
410 1395 436 1430 n.
448 1381 548 1432 Vester
558 1395 644 1445 augur
654 1378 722 1482 hago
735 1378 849 1430 Calchas

615 1449 701 1498 canit.

107 1531 158 1568 ur..
171 1517 231 1568 Etsi
242 1523 347 1568 taceret
357 1532 444 1584 augur
454 1515 522 1566 haec
534 1515 661 1577 Calchas,
672 1522 763 1568 tamen

106 1585 226 1637 Dicebat
239 1587 355 1648 Hector,
367 1587 442 1636 cuius
455 1592 482 1636 ct
493 1586 605 1650 stirpem
615 1583 728 1648 horuco3

108 1655 251 1706 Generosa
261 1656 288 1704 in
300 1661 376 1706 ortos
388 1656 493 1704 semina
504 1660 640 1720 exurgunt
649 1669 722 1704 suos.
859 1653 909 1704 540

107 1722 208 1774 Sicilie
219 1725 309 1790 magni
320 1738 419 1788 porrus
432 1723 545 1772 armenti
558 1737 658 1782 comes,

106 1791 258 1858 Primisque
271 1792 388 1842 nondum
401 1791 527 1842 cornibus
539 1789 642 1840 findens
654 1795 754 1852 cutem,

108 1861 219 1913 cervice
230 1860 320 1911 subito
334 1861 422 1910 celsus
435 1868 461 1910 et
473 1859 562 1910 fronte
574 1858 673 1908 arduus

109 1929 228 1996 Gregem
239 1934 381 1995 paternum
393 1929 481 1989 ducit,
494 1943 526 1978 ac
539 1928 631 1993 pecori
641 1929 766 1992 imperat.

108 1997 186 2058 Quae
197 2002 295 2050 tenera
307 2013 387 2048 caeso
400 1997 476 2064 virgo
487 1997 520 2046 dc
530 2002 626 2046 trunco
638 1997 723 2058 stetit,
858 1997 907 2048 545

107 2065 163 2116 Par
172 2067 233 2132 ipsa
242 2067 321 2116 matri
334 2072 455 2130 tempore
468 2067 566 2132 exiguo
577 2065 658 2126 subit,

108 2134 276 2201 Umbrasque
287 2136 367 2186 terris
378 2133 467 2184 reddit
478 2139 506 2184 et
517 2133 595 2184 coelo
605 2148 707 2186 nemum.

110 2201 156 2252 Sic
166 2202 235 2254 nrale
248 2203 357 2254 relictus
368 2204 430 2268 igne
440 2202 475 2252 de
487 2217 584 2268 niagno
595 2203 662 2252 cinis

109 2270 190 2321 Vires
202 2273 321 2322 resumit.
357 2271 408 2320 Est
416 2271 525 2336 quidem
536 2271 650 2328 iniustus
661 2270 740 2322 dolor

108 2338 209 2389 Rerum
222 2340 393 2400 aestimator3
403 2341 425 2390 si
436 2345 528 2390 tannen
538 2343 628 2390 tecum
639 2340 742 2405 exigar·
856 2339 907 2388 550

110 2407 222 2458 Veniam
233 2407 324 2468 dehis,
336 2407 407 2473 quod
418 2407 489 2458 bella
500 2413 562 2474 post
573 2405 675 2459 hiemes
687 2407 781 2460 decom

108 2477 292 2543 'rotidcmque
301 2491 404 2528 messes
413 2477 468 2528 iam
477 2489 562 2528 senex
573 2477 649 2528 miles
660 2477 746 2537 tieret,

108 2545 234 2610 Aliaeque
247 2544 338 2595 clades
349 2560 456 2604 rursus,
469 2559 502 2596 ac
512 2559 648 2612 nunquam
659 2545 730 2598 benc

110 2613 223 2665 'froiam
233 2614 374 2664 iacentem.
409 2613 799 2679 MagnaresDanaosmovet,

110 2681 230 2732 Futurus
241 2681 457 2738 Hectorziibem
468 2681 566 2736 Graios
576 2686 659 2734 metu.
859 2682 909 2732 555
