2262 3082
257 192 291 244 02
456 188 490 240 L.
508 187 663 242 ANNAEl
682 187 873 242 SENECAE

233 270 245 295 ³
318 293 466 355 Revolrcr,
478 294 582 344 animus
592 291 688 344 haeret
698 308 730 342 ac
743 298 816 343 retro
829 294 903 359 cupit

256 365 307 413 420
319 364 424 429 Corpus
434 360 550 424 referre,
562 377 658 411 moveo
670 360 804 410 nolentem
817 363 939 428 gradum.

319 444 455 481 rursrrr.
478 431 559 497 Pigro
576 430 654 498 (quid
671 428 723 479 hoc
739 429 813 492 esti)
827 433 935 496 genitur
948 433 1057 488 incessu

746 503 850 563 stupet,

319 567 482 633 Vultumque
493 571 596 627 versat,
608 581 691 632 seque
701 567 728 616 in
738 567 843 617 incerto
855 571 937 618 tenet.

318 650 394 686 rar.
415 636 499 697 Quid,
512 636 613 695 anime,
624 632 739 700 pendes,
752 635 847 700 quidve
859 638 999 688 consilium
1010 641 1055 691 diu

318 707 387 754 'l'anr
399 703 477 754 facile
488 701 614 770 torquesi
626 703 715 752 Rebus
725 705 925 768 incertissimis,

258 773 308 824 425
319 773 409 823 Fratri
422 780 503 839 atque
514 787 612 838 regno,
624 772 725 832 credis,
738 785 770 820 ac
781 774 878 822 metuis
890 775 961 824 male

317 842 375 890 lam
384 843 468 900 ricta,
479 842 534 890 iam
544 847 698 901 mansueta,
710 845 738 890 et
748 853 890 890 aerumnas
905 840 977 910 fugis

316 911 391 959 Bene
403 907 569 958 collecatasi
581 909 648 958 Esse
659 909 712 957 iam
724 907 850 958 miserum
861 911 945 960 iurat.

315 976 436 1027 Ressccte
447 991 583 1042 gressum,
595 977 657 1026 (ium
667 977 744 1036 licet,
754 982 836 1042 teque
847 978 933 1043 eripe!

317 1059 454 1094 rcrsrrr.
462 1045 537 1105 Quae
548 1059 630 1095 causa
640 1045 727 1112 cogit,
745 1046 864 1111 genitor,
872 1036 982 1114 apatiia
992 1066 1053 1117 gra·

785 1113 849 1164 dum

255 1181 307 1231 430
318 1180 430 1231 Referre
440 1179 514 1230 visat
526 1196 574 1230 cur
584 1182 662 1231 bonis
673 1183 756 1231 tantis
767 1183 853 1232 sinum

317 1248 467 1302 Subducisi
479 1250 522 1299 lra
532 1249 618 1300 irater
630 1251 736 1300 abiecta
747 1250 831 1314 redit3

315 1317 479 1385 Partemque
488 1319 564 1385 regni
574 1318 677 1380 reddit,
690 1325 718 1369 et
728 1319 835 1369 lacerae
847 1319 943 1369 domus

316 1388 459 1453 Componit
470 1393 558 1448 artus,
570 1393 651 1452 teque
663 1388 781 1438 restituit
792 1388 840 1437 tibi

316 1468 333 1503 r
341 1469 392 1504 ar.
412 1458 526 1506 Causam
536 1457 655 1516 timoris,
666 1457 724 1521 ipse
737 1471 817 1521 quam
828 1457 937 1523 ignore,
956 1458 1056 1526 exigis.

255 1521 306 1572 435
318 1521 391 1572 Nihil
402 1521 548 1574 timendum
559 1525 652 1585 vide03
664 1524 712 1574 sed
723 1527 805 1574 timeo
817 1530 916 1574 tamen.

315 1591 412 1643 Placet
420 1593 472 1655 ire3
486 1593 567 1658 pigris
577 1592 698 1642 membra
708 1592 756 1642 sed
766 1593 888 1658 genubus
899 1591 1008 1656 labant,

313 1662 426 1730 Alioque
438 1676 517 1729 quam
530 1677 583 1728 quo
594 1663 667 1710 nitor
677 1661 811 1712 abductus
822 1661 904 1712 feror.

315 1729 360 1780 Sic
371 1735 535 1782 concitatam
546 1731 648 1796 remige
660 1735 687 1779 et
697 1729 757 1780 velo
767 1735 855 1780 ratem

314 1800 423 1860 Aestus,
436 1801 563 1850 resistens
574 1799 668 1864 remigi
680 1804 711 1858 et
719 1799 791 1860 veie,
803 1797 896 1849 refert.

252 1869 452 1919 iturissae.
468 1868 584 1930 Evince,
597 1867 724 1938 quidquid
737 1867 864 1985 Obsiatet
874 1873 994 1919 mentem
1006 1871 1059 1920 im-

771 1937 840 1997 eit,

312 2003 503 2068 Reducemque
516 2007 616 2068 quanta
626 1951 916 2070 praemialixspectent
926 2005 998 2056 vide.

313 2072 406 2131 Pater,
419 2077 497 2135 potes
509 2086 631 2136 regnare.
652 2085 728 2122 aar.
748 2075 814 2122 Cum
825 2075 927 2138 possim
939 2075 1022 2124 mori.

314 2152 452 2188 rnrsrrr.
472 2137 583 2190 Summa
594 2147 802 2208 estpotestas...
822 2153 899 2190 aar.
923 2139 1023 2205 Nulla,
1037 2147 1061 2194 si

664 2211 757 2274 cupias
768 2208 840 2260 nihil.

318 2289 456 2326 rursum.
495 2275 591 2328 Gnatis
607 2278 749 2344 relinques.
791 2291 871 2330 rar.
900 2275 962 2328 Non
980 2284 1063 2346 capit

642 2362 755 2414 regnum
767 2344 844 2396 duos.
929 2346 937 2356 ’

253 2412 305 2466 445
317 2426 355 2462 en
364 2426 427 2462 ise.
447 2413 532 2464 Miser
543 2427 602 2464 esse
614 2415 728 2476 mavult,
741 2431 799 2466 esse
811 2415 855 2482 qui
865 2413 930 2464 felix
942 2416 1063 2480 potest?

314 2494 386 2530 rur.
405 2479 471 2532 Mihi
483 2482 572 2543 crede,
585 2481 659 2533 falsis
669 2481 1063 2550 magnancminibusplacent,¹

312 2549 427 2602 Frustra
437 2549 567 2600 timentur
577 2551 652 2601 dura.
670 2551 746 2601 Dum
754 2553 878 2602 excelsus
889 2552 952 2601 steti
958 2587 967 2614 ,

313 2618 458 2685 Nunquam
468 2633 568 2685 pavere
578 2619 668 2670 destiti
680 2626 760 2686 atque
771 2622 859 2686 ipsum
872 2621 925 2669 mei

313 2685 427 2738 Ferrum
437 2688 533 2738 timere
544 2687 644 2738 lateris.
665 2687 687 2737 0
700 2694 828 2754 quantum
838 2687 938 2738 bonum
950 2695 997 2739 est
