2274 3086
289 505 484 574 ACTUS
519 509 761 578 PRIMUS.

438 679 607 726 MEDICA·

174 761 263 818 'Medea
273 776 360 819 derata
368 789 460 834 mperes
468 777 599 836 inferosque
608 779 699 824 laconis
707 781 791 824 ullam
800 778 901 824 inuocat.

124 866 177 949 Di
188 901 357 967 coniugales,
369 907 452 969 tuque
463 903 576 970 genialis
587 905 641 954 tori

123 967 230 1020 Lucina
241 977 347 1031 custos,
360 985 482 1038 quaeque
493 973 655 1023 domitorem
667 972 729 1024 lreti

124 1037 235 1104 Tiphyn
246 1053 342 1088 novam
354 1038 462 1090 frenare
473 1039 589 1090 docuisti
599 1047 696 1103 ratem,

124 1107 162 1156 Et
172 1111 201 1156 tu
213 1106 339 1172 profundi
350 1123 430 1159 saeve
442 1108 596 1158 dominator
605 1105 697 1172 maris,

125 1176 286 1241 Clarumque
297 1177 379 1226 'l'itan
391 1176 511 1227 dividens
522 1177 581 1227 orbi
593 1178 673 1239 diem,
913 1175 929 1226 δ

125 1245 285 1311 Tacitisque
298 1245 429 1310 praebens
442 1247 580 1296 conadam
591 1248 676 1296 sacris
685 1244 774 1309 iubar,

125 1313 232 1362 Hecate
243 1311 386 1375 triformis,
399 1329 520 1380 quosque
530 1316 630 1364 iuravit
640 1313 705 1364 mihi

124 1381 200 1432 Deos
211 1380 305 1445 lason3
318 1395 439 1448 quosque
449 1383 564 1434 Medeae
574 1399 617 1433 ma
637 1384 659 1433 is

123 1449 179 1500 Fas
187 1456 229 1500 est
241 1453 358 1514 precari,
371 1453 457 1501 noctis
469 1459 597 1502 aeternae
609 1399 701 1513 chaos,

124 1521 226 1570 Aversa
235 1517 345 1584 Superis
356 1535 454 1586 regna,
466 1521 616 1586 Manesque
624 1521 730 1584 impios,

124 1585 324 1652 Dominamque
335 1590 409 1654 regni
422 1590 519 1649 tristis,
533 1595 560 1638 et
572 1589 707 1638 dominam
718 1585 771 1638 lide

124 1655 240 1707 Meliore
251 1661 370 1721 raptam,
380 1671 449 1706 voce
460 1671 512 1705 non
523 1655 616 1706 fausta
628 1669 738 1722 precor:

123 1723 237 1784 Adeste,
250 1724 356 1775 adeste!
378 1723 494 1774 Sceleris
505 1725 616 1774 ultrices
627 1725 704 1786 deae,

124 1793 232 1842 Crinem
242 1792 337 1842 solutis
348 1793 488 1858 squalidae
499 1793 679 1856 serpentibus,

124 1861 217 1910 Atram
229 1863 347 1910 cruentis
359 1861 482 1910 manibus
492 1860 633 1925 amplexae
644 1859 742 1920 lacem,

122 1929 237 1988 Adeste,
247 1927 373 1979 thalamis
385 1928 511 1979 horridae
523 1928 658 1995 quondam
670 1929 736 1978 meis

126 1997 227 2058 Quales
238 1997 364 2048 stetistis!
387 1999 499 2065 Coniugi
511 1999 593 2048 letum
607 2011 702 2058 novae,

125 2067 278 2132 Letumque
289 2081 384 2117 socero
396 2073 424 2117 et
436 2069 527 2133 regiae
539 2067 617 2132 stirpi
628 2063 703 2116 date!

125 2135 155 2185 ln
167 2135 243 2200 peius
255 2135 368 2200 aliquid,
382 2137 454 2202 quod
466 2149 564 2202 precor
574 2149 675 2201 sponso
685 2131 794 2190 malum,

125 2203 219 2256 Vivat:
231 2218 280 2269 per
290 2205 370 2254 urbes
382 2209 455 2255 erret
465 2205 572 2271 ignotas
584 2219 675 2270 egens,

125 2271 210 2333 Exul,
222 2287 336 2336 pavens,
347 2273 461 2333 invisus,
473 2273 570 2324 incerti
581 2273 660 2336 laris;

125 2340 171 2391 Me
183 2341 325 2407 coniugem
337 2347 426 2407 optet3
438 2342 518 2394 limen
529 2341 645 2391 alienum
657 2345 778 2406 expetat,

125 2409 182 2459 lam
194 2415 274 2460 notus
285 2407 399 2476 hospes,
412 2426 519 2477 quoque
529 2426 582 2460 non
594 2410 666 2460 aliud
678 2423 775 2476 queam

124 2477 206 2528 Peius
218 2479 337 2544 precari,
350 2479 448 2530 liberos
459 2479 558 2530 similes
569 2480 649 2544 patri,

127 2544 286 2613 Similesque
297 2549 385 2597 matri.
421 2547 506 2598 Parta
516 2549 583 2608 iam,
595 2553 675 2612 parta
685 2545 752 2596 ultio
764 2549 818 2596 est:
894 2542 926 2592 25

125 2615 233 2680 Peperi.
271 2616 401 2676 Querelas
412 2617 549 2682 verbaque
560 2618 694 2665 incassum
707 2629 777 2664 sero.
789 2639 821 2651 -·-

125 2682 186 2734 Non
198 2685 244 2734 ibo
255 2685 282 2734 in
295 2683 401 2747 hostes,
412 2686 535 2735 manibus
548 2686 683 2734 excutiam
695 2680 779 2744 faces,

126 2752 262 2820 Coeloque
274 2753 378 2804 luceml
398 2752 512 2821 Spectat
523 2751 576 2802 hoc
588 2749 672 2802 n‘ostri
683 2755 760 2801 sator

196 3007 214 3036 ι
