<?xml version="1.0" encoding="UTF-8"?>
<!DOCTYPE html PUBLIC "-//W3C//DTD XHTML 1.0 Transitional//EN"
    "http://www.w3.org/TR/xhtml1/DTD/xhtml1-transitional.dtd">
<html xmlns="http://www.w3.org/1999/xhtml" xml:lang="en" lang="en">
 <head>
  <title>
</title>
<meta http-equiv="Content-Type" content="text/html;charset=utf-8" />
  <meta name='ocr-system' content='tesseract 3.04.00' />
  <meta name='ocr-capabilities' content='ocr_page ocr_carea ocr_par ocr_line ocrx_word'/>
</head>
<body>
  <div class='ocr_page' id='page_1' title='image "./lannaeisenecaet02senegoog_0247.png"; bbox 0 0 2274 3086; ppageno 0'>
   <div class='ocr_carea' id='block_1_1' title="bbox 241 227 1026 396">
    <p class='ocr_par' dir='ltr' id='par_1_1' title="bbox 241 227 1026 396">
     <span class='ocr_line' id='line_1_1' title="bbox 241 227 852 286; baseline -0.013 0"><span class='ocrx_word' id='word_1_1' title='bbox 241 234 293 286; x_wconf 82' lang='lat'><strong>246</strong></span> <span class='ocrx_word' id='word_1_2' title='bbox 414 231 448 282; x_wconf 85' lang='lat' dir='ltr'><strong>L.</strong></span> <span class='ocrx_word' id='word_1_3' title='bbox 484 229 642 280; x_wconf 78' lang='lat' dir='ltr'><strong>ANNAEI</strong></span> <span class='ocrx_word' id='word_1_4' title='bbox 662 227 852 280; x_wconf 77' lang='lat' dir='ltr'><strong>SENECAE</strong></span> 
     </span>
     <span class='ocr_line' id='line_1_2' title="bbox 302 322 1026 396; baseline -0.007 -12"><span class='ocrx_word' id='word_1_5' title='bbox 302 334 453 395; x_wconf 84' lang='lat' dir='ltr'>Danaides,</span> <span class='ocrx_word' id='word_1_6' title='bbox 466 335 550 384; x_wconf 88' lang='lat' dir='ltr'><strong>coite:</strong></span> <span class='ocrx_word' id='word_1_7' title='bbox 561 337 666 382; x_wconf 80' lang='lat' dir='ltr'><strong>vestras</strong></span> <span class='ocrx_word' id='word_1_8' title='bbox 677 330 721 380; x_wconf 84' lang='lat' dir='ltr'><strong>hio</strong></span> <span class='ocrx_word' id='word_1_9' title='bbox 733 329 789 380; x_wconf 90' lang='lat' dir='ltr'><strong>dies</strong></span> <span class='ocrx_word' id='word_1_10' title='bbox 800 330 906 396; x_wconf 89' lang='lat' dir='ltr'><strong>quaerit</strong></span> <span class='ocrx_word' id='word_1_11' title='bbox 915 322 1026 379; x_wconf 76' lang='lat' dir='ltr'><strong>uranust</strong></span> 
     </span>
    </p>
   </div>
   <div class='ocr_carea' id='block_1_2' title="bbox 222 395 1131 2792">
    <p class='ocr_par' dir='ltr' id='par_1_2' title="bbox 222 395 1131 2792">
     <span class='ocr_line' id='line_1_3' title="bbox 302 395 1131 466; baseline -0.007 -13"><span class='ocrx_word' id='word_1_12' title='bbox 302 403 418 453; x_wconf 81' lang='lat' dir='ltr'><strong>Gravior</strong></span> <span class='ocrx_word' id='word_1_13' title='bbox 430 401 527 452; x_wconf 89' lang='lat' dir='ltr'><strong>horum</strong></span> <span class='ocrx_word' id='word_1_14' title='bbox 539 416 628 466; x_wconf 85' lang='lat' dir='ltr'><strong>poena</strong></span> <span class='ocrx_word' id='word_1_15' title='bbox 637 401 732 451; x_wconf 79' lang='lat' dir='ltr'>sedeat</span> <span class='ocrx_word' id='word_1_16' title='bbox 744 399 866 464; x_wconf 76' lang='lat' dir='ltr'><strong>coniugis</strong></span> <span class='ocrx_word' id='word_1_17' title='bbox 876 395 1043 448; x_wconf 85' lang='lat' dir='ltr'><strong>soceromei.</strong></span> <span class='ocrx_word' id='word_1_18' title='bbox 1130 403 1131 430; x_wconf 65' lang='lat'>³</span> 
     </span>
     <span class='ocr_line' id='line_1_4' title="bbox 240 466 1007 536; baseline -0.007 -15"><span class='ocrx_word' id='word_1_19' title='bbox 240 473 291 522; x_wconf 81' lang='lat'><strong>&#39;15⁰</strong></span> <span class='ocrx_word' id='word_1_20' title='bbox 302 471 437 521; x_wconf 82' lang='lat' dir='ltr'><strong>imbricus</strong></span> <span class='ocrx_word' id='word_1_21' title='bbox 447 485 496 536; x_wconf 92' lang='lat' dir='ltr'><strong>per</strong></span> <span class='ocrx_word' id='word_1_22' title='bbox 506 483 573 520; x_wconf 80' lang='lat' dir='ltr'><strong>saxa</strong></span> <span class='ocrx_word' id='word_1_23' title='bbox 583 474 657 518; x_wconf 86' lang='lat' dir='ltr'><strong>retro</strong></span> <span class='ocrx_word' id='word_1_24' title='bbox 670 466 816 532; x_wconf 80' lang='lat' dir='ltr'>Sisyphum</span> <span class='ocrx_word' id='word_1_25' title='bbox 828 467 919 516; x_wconf 85' lang='lat' dir='ltr'><strong>volvat</strong></span> <span class='ocrx_word' id='word_1_26' title='bbox 929 466 1007 532; x_wconf 87' lang='lat' dir='ltr'><strong>lapis.</strong></span> 
     </span>
     <span class='ocr_line' id='line_1_5' title="bbox 301 535 957 598; baseline -0.011 -8"><span class='ocrx_word' id='word_1_27' title='bbox 301 539 379 590; x_wconf 92' lang='lat' dir='ltr'><strong>Nunc</strong></span> <span class='ocrx_word' id='word_1_28' title='bbox 389 541 455 589; x_wconf 91' lang='lat' dir='ltr'><strong>meis</strong></span> <span class='ocrx_word' id='word_1_29' title='bbox 467 543 566 587; x_wconf 88' lang='lat' dir='ltr'><strong>vocata</strong></span> <span class='ocrx_word' id='word_1_30' title='bbox 576 538 661 586; x_wconf 82' lang='lat' dir='ltr'><strong>sacris</strong></span> <span class='ocrx_word' id='word_1_31' title='bbox 673 537 792 585; x_wconf 86' lang='lat' dir='ltr'><strong>noctium</strong></span> <span class='ocrx_word' id='word_1_32' title='bbox 804 535 877 585; x_wconf 88' lang='lat' dir='ltr'><strong>sidus</strong></span> <span class='ocrx_word' id='word_1_33' title='bbox 888 535 957 598; x_wconf 82' lang='lat' dir='ltr'><strong>veni,</strong></span> 
     </span>
     <span class='ocr_line' id='line_1_6' title="bbox 300 604 1023 665; baseline -0.007 -7"><span class='ocrx_word' id='word_1_34' title='bbox 300 608 439 659; x_wconf 81' lang='lat' dir='ltr'><strong>Pessimus</strong></span> <span class='ocrx_word' id='word_1_35' title='bbox 450 606 545 656; x_wconf 86' lang='lat' dir='ltr'><strong>induta</strong></span> <span class='ocrx_word' id='word_1_36' title='bbox 556 605 659 665; x_wconf 83' lang='lat' dir='ltr'><strong>vultus,</strong></span> <span class='ocrx_word' id='word_1_37' title='bbox 671 604 762 654; x_wconf 77' lang='lat' dir='ltr'><strong>fronte</strong></span> <span class='ocrx_word' id='word_1_38' title='bbox 778 619 831 653; x_wconf 93' lang='lat' dir='ltr'><strong>non</strong></span> <span class='ocrx_word' id='word_1_39' title='bbox 848 619 902 654; x_wconf 83' lang='lat' dir='ltr'><strong>una</strong></span> <span class='ocrx_word' id='word_1_40' title='bbox 918 604 1023 654; x_wconf 78' lang='lat' dir='ltr'><strong>minaxl</strong></span> 
     </span>
     <span class='ocr_line' id='line_1_7' title="bbox 303 669 1131 741; baseline -0.008 -14"><span class='ocrx_word' id='word_1_41' title='bbox 303 677 366 726; x_wconf 87' lang='lat' dir='ltr'><strong>Tibi</strong></span> <span class='ocrx_word' id='word_1_42' title='bbox 376 689 451 726; x_wconf 84' lang='lat' dir='ltr'><strong>nrore</strong></span> <span class='ocrx_word' id='word_1_43' title='bbox 462 675 550 741; x_wconf 86' lang='lat' dir='ltr'><strong>gentis</strong></span> <span class='ocrx_word' id='word_1_44' title='bbox 562 669 668 724; x_wconf 79' lang='lat' dir='ltr'><strong>vinculo</strong></span> <span class='ocrx_word' id='word_1_45' title='bbox 679 673 786 722; x_wconf 86' lang='lat' dir='ltr'><strong>solvens</strong></span> <span class='ocrx_word' id='word_1_46' title='bbox 798 683 913 736; x_wconf 88' lang='lat' dir='ltr'><strong>cumam,</strong></span> <span class='ocrx_word' id='word_1_47' title='bbox 1130 713 1131 736; x_wconf 32' lang='lat' dir='ltr'><strong>p</strong></span> 
     </span>
     <span class='ocr_line' id='line_1_8' title="bbox 304 739 1131 806; baseline -0.005 -12"><span class='ocrx_word' id='word_1_48' title='bbox 304 743 417 796; x_wconf 88' lang='lat' dir='ltr'><strong>Secreta</strong></span> <span class='ocrx_word' id='word_1_49' title='bbox 429 744 501 792; x_wconf 92' lang='lat' dir='ltr'><strong>nudo</strong></span> <span class='ocrx_word' id='word_1_50' title='bbox 511 757 623 792; x_wconf 81' lang='lat' dir='ltr'><strong>nemora</strong></span> <span class='ocrx_word' id='word_1_51' title='bbox 633 739 744 792; x_wconf 88' lang='lat' dir='ltr'><strong>lustravi</strong></span> <span class='ocrx_word' id='word_1_52' title='bbox 755 739 833 806; x_wconf 83' lang='lat' dir='ltr'><strong>pede,</strong></span> <span class='ocrx_word' id='word_1_53' title='bbox 1130 743 1131 804; x_wconf 51' lang='lat' dir='ltr'><strong>i</strong></span> 
     </span>
     <span class='ocr_line' id='line_1_9' title="bbox 243 809 1131 878; baseline -0.01 -14"><span class='ocrx_word' id='word_1_54' title='bbox 243 813 294 865; x_wconf 73' lang='grc'><strong>755</strong></span> <span class='ocrx_word' id='word_1_55' title='bbox 305 815 342 865; x_wconf 87' lang='lat' dir='ltr'><strong>Et</strong></span> <span class='ocrx_word' id='word_1_56' title='bbox 353 813 464 862; x_wconf 83' lang='lat' dir='ltr'><strong>evocavi</strong></span> <span class='ocrx_word' id='word_1_57' title='bbox 476 811 591 860; x_wconf 91' lang='lat' dir='ltr'><strong>nubibus</strong></span> <span class='ocrx_word' id='word_1_58' title='bbox 602 812 681 860; x_wconf 88' lang='lat' dir='ltr'><strong>siccis</strong></span> <span class='ocrx_word' id='word_1_59' title='bbox 692 825 785 874; x_wconf 86' lang='lat' dir='ltr'><strong>aquas,</strong></span> <span class='ocrx_word' id='word_1_60' title='bbox 1130 809 1131 878; x_wconf 60' lang='lat' dir='ltr'><strong>i</strong></span> 
     </span>
     <span class='ocr_line' id='line_1_10' title="bbox 304 877 945 948; baseline -0.002 -17"><span class='ocrx_word' id='word_1_61' title='bbox 304 883 410 948; x_wconf 84' lang='lat' dir='ltr'><strong>Egique</strong></span> <span class='ocrx_word' id='word_1_62' title='bbox 422 877 455 930; x_wconf 89' lang='lat' dir='ltr'><strong>ad</strong></span> <span class='ocrx_word' id='word_1_63' title='bbox 466 881 550 929; x_wconf 91' lang='lat' dir='ltr'><strong>imum</strong></span> <span class='ocrx_word' id='word_1_64' title='bbox 562 880 660 939; x_wconf 85' lang='lat' dir='ltr'><strong>maria,</strong></span> <span class='ocrx_word' id='word_1_65' title='bbox 673 883 701 927; x_wconf 86' lang='lat' dir='ltr'><strong>et</strong></span> <span class='ocrx_word' id='word_1_66' title='bbox 712 877 837 928; x_wconf 75' lang='lat' dir='ltr'>Oceanus</span> <span class='ocrx_word' id='word_1_67' title='bbox 848 894 945 944; x_wconf 80' lang='lat' dir='ltr'><strong>graves</strong></span> 
     </span>
     <span class='ocr_line' id='line_1_11' title="bbox 303 947 835 1010; baseline -0.011 -9"><span class='ocrx_word' id='word_1_68' title='bbox 303 951 420 1001; x_wconf 90' lang='lat' dir='ltr'><strong>lnterius</strong></span> <span class='ocrx_word' id='word_1_69' title='bbox 431 949 516 998; x_wconf 85' lang='lat' dir='ltr'><strong>undas</strong></span> <span class='ocrx_word' id='word_1_70' title='bbox 529 948 648 998; x_wconf 75' lang='lat' dir='ltr'>aestibus</span> <span class='ocrx_word' id='word_1_71' title='bbox 658 948 736 996; x_wconf 84' lang='lat' dir='ltr'><strong>victis</strong></span> <span class='ocrx_word' id='word_1_72' title='bbox 748 947 835 1010; x_wconf 77' lang='lat' dir='ltr'><strong>dedit3</strong></span> 
     </span>
     <span class='ocr_line' id='line_1_12' title="bbox 304 1011 1131 1083; baseline -0.004 -15"><span class='ocrx_word' id='word_1_73' title='bbox 304 1019 465 1083; x_wconf 86' lang='lat' dir='ltr'><strong>Pariterque</strong></span> <span class='ocrx_word' id='word_1_74' title='bbox 476 1017 590 1066; x_wconf 91' lang='lat' dir='ltr'><strong>mundus</strong></span> <span class='ocrx_word' id='word_1_75' title='bbox 602 1017 662 1082; x_wconf 87' lang='lat' dir='ltr'><strong>lege</strong></span> <span class='ocrx_word' id='word_1_76' title='bbox 675 1015 789 1066; x_wconf 83' lang='lat' dir='ltr'><strong>confusa</strong></span> <span class='ocrx_word' id='word_1_77' title='bbox 800 1013 918 1066; x_wconf 87' lang='lat' dir='ltr'><strong>aetheris</strong></span> <span class='ocrx_word' id='word_1_78' title='bbox 1130 1011 1131 1020; x_wconf 68' lang='grc'>’</span> 
     </span>
     <span class='ocr_line' id='line_1_13' title="bbox 305 1085 905 1145; baseline -0.002 -10"><span class='ocrx_word' id='word_1_79' title='bbox 305 1087 343 1136; x_wconf 85' lang='lat' dir='ltr'><strong>Et</strong></span> <span class='ocrx_word' id='word_1_80' title='bbox 353 1086 438 1135; x_wconf 89' lang='lat' dir='ltr'><strong>solem</strong></span> <span class='ocrx_word' id='word_1_81' title='bbox 450 1091 477 1135; x_wconf 91' lang='lat' dir='ltr'><strong>et</strong></span> <span class='ocrx_word' id='word_1_82' title='bbox 489 1090 564 1134; x_wconf 88' lang='lat' dir='ltr'><strong>astra</strong></span> <span class='ocrx_word' id='word_1_83' title='bbox 574 1085 654 1145; x_wconf 82' lang='lat' dir='ltr'><strong>vidit3</strong></span> <span class='ocrx_word' id='word_1_84' title='bbox 667 1090 694 1134; x_wconf 90' lang='lat' dir='ltr'><strong>et</strong></span> <span class='ocrx_word' id='word_1_85' title='bbox 704 1086 818 1133; x_wconf 82' lang='lat' dir='ltr'><strong>vetitum</strong></span> <span class='ocrx_word' id='word_1_86' title='bbox 829 1100 905 1134; x_wconf 81' lang='lat' dir='ltr'><strong>nrare</strong></span> 
     </span>
     <span class='ocr_line' id='line_1_14' title="bbox 245 1151 943 1218; baseline -0.006 -13"><span class='ocrx_word' id='word_1_87' title='bbox 245 1155 296 1205; x_wconf 74' lang='lat'><strong>&#39;160</strong></span> <span class='ocrx_word' id='word_1_88' title='bbox 308 1155 463 1218; x_wconf 85' lang='lat' dir='ltr'><strong>Tetigistis‚</strong></span> <span class='ocrx_word' id='word_1_89' title='bbox 475 1153 568 1202; x_wconf 86' lang='lat' dir='ltr'><strong>Ursae.</strong></span> <span class='ocrx_word' id='word_1_90' title='bbox 606 1155 773 1218; x_wconf 81' lang='lat' dir='ltr'><strong>&#39;l&#39;emporum</strong></span> <span class='ocrx_word' id='word_1_91' title='bbox 784 1151 848 1202; x_wconf 81' lang='lat' dir='ltr'><strong>flexi</strong></span> <span class='ocrx_word' id='word_1_92' title='bbox 858 1151 943 1204; x_wconf 80' lang='lat' dir='ltr'><strong>vices!</strong></span> 
     </span>
     <span class='ocr_line' id='line_1_15' title="bbox 305 1219 785 1283; baseline -0.004 -11"><span class='ocrx_word' id='word_1_93' title='bbox 305 1223 415 1272; x_wconf 78' lang='lat' dir='ltr'><strong>Aestiva</strong></span> <span class='ocrx_word' id='word_1_94' title='bbox 427 1221 506 1270; x_wconf 85' lang='lat' dir='ltr'><strong>telius</strong></span> <span class='ocrx_word' id='word_1_95' title='bbox 518 1219 610 1270; x_wconf 86' lang='lat' dir='ltr'><strong>floruit</strong></span> <span class='ocrx_word' id='word_1_96' title='bbox 622 1228 702 1270; x_wconf 85' lang='lat' dir='ltr'><strong>cantu</strong></span> <span class='ocrx_word' id='word_1_97' title='bbox 715 1237 785 1283; x_wconf 91' lang='lat' dir='ltr'><strong>meo,</strong></span> 
     </span>
     <span class='ocr_line' id='line_1_16' title="bbox 254 1287 867 1354; baseline -0.002 -14"><span class='ocrx_word' id='word_1_98' title='bbox 254 1343 260 1354; x_wconf 60' lang='grc'>,</span> <span class='ocrx_word' id='word_1_99' title='bbox 306 1291 426 1340; x_wconf 89' lang='lat' dir='ltr'><strong>Messem</strong></span> <span class='ocrx_word' id='word_1_100' title='bbox 439 1295 535 1340; x_wconf 87' lang='lat' dir='ltr'><strong>coacta</strong></span> <span class='ocrx_word' id='word_1_101' title='bbox 544 1290 611 1338; x_wconf 86' lang='lat' dir='ltr'><strong>vidit</strong></span> <span class='ocrx_word' id='word_1_102' title='bbox 624 1288 762 1339; x_wconf 81' lang='lat' dir='ltr'>hibernam</span> <span class='ocrx_word' id='word_1_103' title='bbox 775 1287 867 1340; x_wconf 81' lang='lat' dir='ltr'><strong>Ceres.</strong></span> 
     </span>
     <span class='ocr_line' id='line_1_17' title="bbox 306 1355 882 1422; baseline -0.002 -13"><span class='ocrx_word' id='word_1_104' title='bbox 306 1358 436 1409; x_wconf 87' lang='lat' dir='ltr'><strong>Violenta</strong></span> <span class='ocrx_word' id='word_1_105' title='bbox 446 1355 542 1408; x_wconf 80' lang='lat' dir='ltr'><strong>Phasis</strong></span> <span class='ocrx_word' id='word_1_106' title='bbox 554 1359 637 1408; x_wconf 84' lang='lat' dir='ltr'><strong>vertit</strong></span> <span class='ocrx_word' id='word_1_107' title='bbox 646 1359 673 1406; x_wconf 95' lang='lat' dir='ltr'><strong>in</strong></span> <span class='ocrx_word' id='word_1_108' title='bbox 686 1357 788 1407; x_wconf 87' lang='lat' dir='ltr'><strong>iontem</strong></span> <span class='ocrx_word' id='word_1_109' title='bbox 799 1358 882 1422; x_wconf 76' lang='lat' dir='ltr'><strong>vada3</strong></span> 
     </span>
     <span class='ocr_line' id='line_1_18' title="bbox 308 1427 821 1489; baseline -0.002 -11"><span class='ocrx_word' id='word_1_110' title='bbox 308 1429 345 1478; x_wconf 85' lang='lat' dir='ltr'><strong>Et</strong></span> <span class='ocrx_word' id='word_1_111' title='bbox 356 1428 438 1489; x_wconf 85' lang='lat' dir='ltr'><strong>ister,</strong></span> <span class='ocrx_word' id='word_1_112' title='bbox 449 1428 477 1476; x_wconf 91' lang='lat' dir='ltr'><strong>in</strong></span> <span class='ocrx_word' id='word_1_113' title='bbox 489 1432 532 1476; x_wconf 89' lang='lat' dir='ltr'><strong>tot</strong></span> <span class='ocrx_word' id='word_1_114' title='bbox 544 1442 592 1476; x_wconf 88' lang='lat' dir='ltr'><strong>ora</strong></span> <span class='ocrx_word' id='word_1_115' title='bbox 604 1427 718 1488; x_wconf 86' lang='lat' dir='ltr'><strong>divisus,</strong></span> <span class='ocrx_word' id='word_1_116' title='bbox 730 1433 821 1477; x_wconf 90' lang='lat' dir='ltr'><strong>truces</strong></span> 
     </span>
     <span class='ocr_line' id='line_1_19' title="bbox 248 1495 893 1562; baseline 0 -16"><span class='ocrx_word' id='word_1_117' title='bbox 248 1496 298 1546; x_wconf 84' lang='grc'><strong>765</strong></span> <span class='ocrx_word' id='word_1_118' title='bbox 311 1498 477 1562; x_wconf 82' lang='lat' dir='ltr'><strong>compressit</strong></span> <span class='ocrx_word' id='word_1_119' title='bbox 486 1495 586 1556; x_wconf 89' lang='lat' dir='ltr'><strong>undas,</strong></span> <span class='ocrx_word' id='word_1_120' title='bbox 599 1495 722 1544; x_wconf 90' lang='lat' dir='ltr'><strong>omnibus</strong></span> <span class='ocrx_word' id='word_1_121' title='bbox 733 1496 798 1559; x_wconf 80' lang='lat' dir='ltr'><strong>ripis</strong></span> <span class='ocrx_word' id='word_1_122' title='bbox 809 1497 893 1562; x_wconf 83' lang='lat' dir='ltr'><strong>piger.</strong></span> 
     </span>
     <span class='ocr_line' id='line_1_20' title="bbox 308 1563 894 1626; baseline -0.002 -11"><span class='ocrx_word' id='word_1_123' title='bbox 308 1564 430 1615; x_wconf 84' lang='lat' dir='ltr'>Sonuere</span> <span class='ocrx_word' id='word_1_124' title='bbox 442 1563 539 1612; x_wconf 85' lang='lat' dir='ltr'><strong>fluctus</strong></span> <span class='ocrx_word' id='word_1_125' title='bbox 546 1600 553 1626; x_wconf 89' lang='lat'>‚</span> <span class='ocrx_word' id='word_1_126' title='bbox 565 1565 664 1612; x_wconf 90' lang='lat' dir='ltr'><strong>tumuit</strong></span> <span class='ocrx_word' id='word_1_127' title='bbox 674 1565 798 1612; x_wconf 89' lang='lat' dir='ltr'><strong>insanum</strong></span> <span class='ocrx_word' id='word_1_128' title='bbox 810 1580 894 1626; x_wconf 87' lang='lat' dir='ltr'><strong>mare,</strong></span> 
     </span>
     <span class='ocr_line' id='line_1_21' title="bbox 308 1631 915 1698; baseline 0.002 -15"><span class='ocrx_word' id='word_1_129' title='bbox 308 1634 431 1683; x_wconf 78' lang='lat' dir='ltr'><strong>&#39;facerrte</strong></span> <span class='ocrx_word' id='word_1_130' title='bbox 442 1637 533 1682; x_wconf 88' lang='lat' dir='ltr'><strong>vento.</strong></span> <span class='ocrx_word' id='word_1_131' title='bbox 569 1631 694 1681; x_wconf 78' lang='lat' dir='ltr'><strong>Nemesis</strong></span> <span class='ocrx_word' id='word_1_132' title='bbox 706 1633 809 1698; x_wconf 84' lang='lat' dir='ltr'><strong>antiqui</strong></span> <span class='ocrx_word' id='word_1_133' title='bbox 819 1631 915 1684; x_wconf 81' lang='lat' dir='ltr'><strong>donnus</strong></span> 
     </span>
     <span class='ocr_line' id='line_1_22' title="bbox 308 1701 841 1764; baseline -0.015 -13"><span class='ocrx_word' id='word_1_134' title='bbox 308 1703 403 1752; x_wconf 79' lang='lat' dir='ltr'><strong>Amisit</strong></span> <span class='ocrx_word' id='word_1_135' title='bbox 413 1701 537 1750; x_wconf 89' lang='lat' dir='ltr'><strong>umbram</strong></span> <span class='ocrx_word' id='word_1_136' title='bbox 546 1702 621 1750; x_wconf 86' lang='lat' dir='ltr'><strong>vocis</strong></span> <span class='ocrx_word' id='word_1_137' title='bbox 631 1702 745 1764; x_wconf 91' lang='lat' dir='ltr'><strong>imperio</strong></span> <span class='ocrx_word' id='word_1_138' title='bbox 757 1715 841 1750; x_wconf 89' lang='lat' dir='ltr'><strong>meae.</strong></span> 
     </span>
     <span class='ocr_line' id='line_1_23' title="bbox 222 1767 850 1828; baseline -0.003 -8"><span class='ocrx_word' id='word_1_139' title='bbox 222 1767 224 1773; x_wconf 56' lang='lat'><strong>⁴</strong></span> <span class='ocrx_word' id='word_1_140' title='bbox 309 1770 361 1820; x_wconf 90' lang='lat' dir='ltr'><strong>Die</strong></span> <span class='ocrx_word' id='word_1_141' title='bbox 372 1769 468 1820; x_wconf 85' lang='lat' dir='ltr'><strong>relicto</strong></span> <span class='ocrx_word' id='word_1_142' title='bbox 480 1767 608 1820; x_wconf 86' lang='lat' dir='ltr'><strong>Phoebus</strong></span> <span class='ocrx_word' id='word_1_143' title='bbox 619 1770 645 1817; x_wconf 91' lang='lat' dir='ltr'><strong>in</strong></span> <span class='ocrx_word' id='word_1_144' title='bbox 657 1767 746 1819; x_wconf 85' lang='lat' dir='ltr'><strong>rnedio</strong></span> <span class='ocrx_word' id='word_1_145' title='bbox 760 1771 850 1828; x_wconf 75' lang='lat' dir='ltr'><strong>stetit3</strong></span> 
     </span>
     <span class='ocr_line' id='line_1_24' title="bbox 249 1831 937 1904; baseline -0.001 -15"><span class='ocrx_word' id='word_1_146' title='bbox 249 1841 300 1889; x_wconf 77' lang='lat' dir='ltr'><strong>tto</strong></span> <span class='ocrx_word' id='word_1_147' title='bbox 311 1839 479 1904; x_wconf 87' lang='lat' dir='ltr'>Hyadesque</span> <span class='ocrx_word' id='word_1_148' title='bbox 490 1831 590 1888; x_wconf 86' lang='lat' dir='ltr'><strong>nostris</strong></span> <span class='ocrx_word' id='word_1_149' title='bbox 601 1838 723 1886; x_wconf 87' lang='lat' dir='ltr'><strong>cantibus</strong></span> <span class='ocrx_word' id='word_1_150' title='bbox 735 1843 825 1887; x_wconf 85' lang='lat' dir='ltr'><strong>motae</strong></span> <span class='ocrx_word' id='word_1_151' title='bbox 836 1838 937 1888; x_wconf 88' lang='lat' dir='ltr'><strong>labant.</strong></span> 
     </span>
     <span class='ocr_line' id='line_1_25' title="bbox 309 1905 907 1970; baseline -0.005 -13"><span class='ocrx_word' id='word_1_152' title='bbox 309 1907 410 1959; x_wconf 74' lang='lat' dir='ltr'><strong>Adesse</strong></span> <span class='ocrx_word' id='word_1_153' title='bbox 422 1908 506 1956; x_wconf 87' lang='lat' dir='ltr'><strong>sacris</strong></span> <span class='ocrx_word' id='word_1_154' title='bbox 517 1912 624 1970; x_wconf 91' lang='lat' dir='ltr'><strong>tempus</strong></span> <span class='ocrx_word' id='word_1_155' title='bbox 637 1912 691 1965; x_wconf 89' lang='lat' dir='ltr'><strong>est,</strong></span> <span class='ocrx_word' id='word_1_156' title='bbox 704 1905 828 1968; x_wconf 87' lang='lat' dir='ltr'>Phoebe,</span> <span class='ocrx_word' id='word_1_157' title='bbox 841 1905 907 1956; x_wconf 86' lang='lat' dir='ltr'><strong>tuis!</strong></span> 
     </span>
     <span class='ocr_line' id='line_1_26' title="bbox 311 1973 904 2037; baseline 0.002 -14"><span class='ocrx_word' id='word_1_158' title='bbox 311 1976 373 2024; x_wconf 87' lang='lat' dir='ltr'><strong>Tibi</strong></span> <span class='ocrx_word' id='word_1_159' title='bbox 385 1973 453 2023; x_wconf 86' lang='lat' dir='ltr'><strong>haec</strong></span> <span class='ocrx_word' id='word_1_160' title='bbox 465 1981 579 2024; x_wconf 89' lang='lat' dir='ltr'><strong>cruenta</strong></span> <span class='ocrx_word' id='word_1_161' title='bbox 589 1977 663 2024; x_wconf 90' lang='lat' dir='ltr'><strong>serta</strong></span> <span class='ocrx_word' id='word_1_162' title='bbox 673 1979 803 2027; x_wconf 85' lang='lat' dir='ltr'><strong>texuntur</strong></span> <span class='ocrx_word' id='word_1_163' title='bbox 814 1990 904 2037; x_wconf 89' lang='lat' dir='ltr'><strong>manu,</strong></span> 
     </span>
     <span class='ocr_line' id='line_1_27' title="bbox 309 2043 719 2109; baseline -0.005 -15"><span class='ocrx_word' id='word_1_164' title='bbox 309 2043 423 2094; x_wconf 85' lang='lat' dir='ltr'><strong>Novena</strong></span> <span class='ocrx_word' id='word_1_165' title='bbox 435 2058 504 2109; x_wconf 84' lang='lat' dir='ltr'><strong>quae</strong></span> <span class='ocrx_word' id='word_1_166' title='bbox 515 2057 628 2107; x_wconf 89' lang='lat' dir='ltr'><strong>serpens</strong></span> <span class='ocrx_word' id='word_1_167' title='bbox 639 2043 719 2108; x_wconf 72' lang='lat' dir='ltr'><strong>ligata</strong></span> 
     </span>
     <span class='ocr_line' id='line_1_28' title="bbox 311 2109 1053 2178; baseline -0.004 -17"><span class='ocrx_word' id='word_1_168' title='bbox 311 2111 373 2161; x_wconf 83' lang='lat' dir='ltr'><strong>Tibi</strong></span> <span class='ocrx_word' id='word_1_169' title='bbox 384 2109 467 2169; x_wconf 77' lang='lat' dir='ltr'><strong>haec.</strong></span> <span class='ocrx_word' id='word_1_170' title='bbox 484 2109 633 2176; x_wconf 88' lang='lat' dir='ltr'><strong>Typhoeus</strong></span> <span class='ocrx_word' id='word_1_171' title='bbox 644 2111 767 2161; x_wconf 87' lang='lat' dir='ltr'><strong>membra</strong></span> <span class='ocrx_word' id='word_1_172' title='bbox 785 2125 854 2178; x_wconf 85' lang='lat' dir='ltr'><strong>quae</strong></span> <span class='ocrx_word' id='word_1_173' title='bbox 865 2109 970 2161; x_wconf 88' lang='lat' dir='ltr'><strong>discors</strong></span> <span class='ocrx_word' id='word_1_174' title='bbox 980 2109 1053 2170; x_wconf 85' lang='lat' dir='ltr'><strong>tulit,</strong></span> 
     </span>
     <span class='ocr_line' id='line_1_29' title="bbox 249 2179 700 2244; baseline 0.004 -16"><span class='ocrx_word' id='word_1_175' title='bbox 249 2179 301 2229; x_wconf 68' lang='lat'><strong>775</strong></span> <span class='ocrx_word' id='word_1_176' title='bbox 313 2180 366 2239; x_wconf 76' lang='lat' dir='ltr'><strong>Qui</strong></span> <span class='ocrx_word' id='word_1_177' title='bbox 377 2193 461 2244; x_wconf 85' lang='lat' dir='ltr'><strong>regua</strong></span> <span class='ocrx_word' id='word_1_178' title='bbox 472 2182 610 2230; x_wconf 86' lang='lat' dir='ltr'><strong>concussit</strong></span> <span class='ocrx_word' id='word_1_179' title='bbox 621 2181 700 2230; x_wconf 87' lang='lat' dir='ltr'><strong>loris.</strong></span> 
     </span>
     <span class='ocr_line' id='line_1_30' title="bbox 311 2247 828 2315; baseline 0.004 -17"><span class='ocrx_word' id='word_1_180' title='bbox 311 2247 439 2298; x_wconf 78' lang='lat' dir='ltr'><strong>Vectoris</strong></span> <span class='ocrx_word' id='word_1_181' title='bbox 450 2249 511 2298; x_wconf 83' lang='lat' dir='ltr'><strong>istic</strong></span> <span class='ocrx_word' id='word_1_182' title='bbox 522 2248 618 2314; x_wconf 86' lang='lat' dir='ltr'><strong>perfidi</strong></span> <span class='ocrx_word' id='word_1_183' title='bbox 629 2249 738 2315; x_wconf 87' lang='lat' dir='ltr'><strong>sanguis</strong></span> <span class='ocrx_word' id='word_1_184' title='bbox 748 2249 828 2310; x_wconf 79' lang='lat' dir='ltr'><strong>ineat,</strong></span> 
     </span>
     <span class='ocr_line' id='line_1_31' title="bbox 313 2313 744 2380; baseline 0.005 -16"><span class='ocrx_word' id='word_1_185' title='bbox 313 2316 400 2376; x_wconf 78' lang='lat' dir='ltr'><strong>Quem</strong></span> <span class='ocrx_word' id='word_1_186' title='bbox 411 2313 513 2365; x_wconf 87' lang='lat' dir='ltr'><strong>Nessus</strong></span> <span class='ocrx_word' id='word_1_187' title='bbox 524 2317 650 2380; x_wconf 83' lang='lat' dir='ltr'><strong>expirans</strong></span> <span class='ocrx_word' id='word_1_188' title='bbox 661 2318 744 2367; x_wconf 88' lang='lat' dir='ltr'><strong>dedit.</strong></span> 
     </span>
     <span class='ocr_line' id='line_1_32' title="bbox 312 2384 812 2452; baseline 0.002 -18"><span class='ocrx_word' id='word_1_189' title='bbox 312 2385 432 2434; x_wconf 89' lang='lat' dir='ltr'><strong>Oetaeus</strong></span> <span class='ocrx_word' id='word_1_190' title='bbox 442 2385 495 2434; x_wconf 85' lang='lat' dir='ltr'><strong>isto</strong></span> <span class='ocrx_word' id='word_1_191' title='bbox 508 2387 598 2435; x_wconf 88' lang='lat' dir='ltr'><strong>cinere</strong></span> <span class='ocrx_word' id='word_1_192' title='bbox 609 2384 710 2435; x_wconf 80' lang='lat' dir='ltr'><strong>deserit</strong></span> <span class='ocrx_word' id='word_1_193' title='bbox 720 2401 812 2452; x_wconf 77' lang='lat' dir='ltr'><strong>rogus,</strong></span> 
     </span>
     <span class='ocr_line' id='line_1_33' title="bbox 314 2453 711 2514; baseline 0.005 -13"><span class='ocrx_word' id='word_1_194' title='bbox 314 2453 366 2514; x_wconf 79' lang='lat' dir='ltr'><strong>Qui</strong></span> <span class='ocrx_word' id='word_1_195' title='bbox 378 2454 450 2502; x_wconf 89' lang='lat' dir='ltr'><strong>virus</strong></span> <span class='ocrx_word' id='word_1_196' title='bbox 461 2453 624 2504; x_wconf 88' lang='lat' dir='ltr'><strong>Herculeum</strong></span> <span class='ocrx_word' id='word_1_197' title='bbox 635 2455 711 2504; x_wconf 84' lang='lat' dir='ltr'><strong>bibit.</strong></span> 
     </span>
     <span class='ocr_line' id='line_1_34' title="bbox 252 2521 838 2587; baseline 0.005 -18"><span class='ocrx_word' id='word_1_198' title='bbox 252 2523 303 2575; x_wconf 71' lang='lat'><strong>780</strong></span> <span class='ocrx_word' id='word_1_199' title='bbox 314 2521 380 2572; x_wconf 88' lang='lat' dir='ltr'><strong>Piae</strong></span> <span class='ocrx_word' id='word_1_200' title='bbox 392 2523 509 2582; x_wconf 86' lang='lat' dir='ltr'><strong>sororis,</strong></span> <span class='ocrx_word' id='word_1_201' title='bbox 519 2523 619 2587; x_wconf 89' lang='lat' dir='ltr'><strong>impiae</strong></span> <span class='ocrx_word' id='word_1_202' title='bbox 629 2524 738 2584; x_wconf 76' lang='lat' dir='ltr'><strong>matris,</strong></span> <span class='ocrx_word' id='word_1_203' title='bbox 748 2521 838 2572; x_wconf 81' lang='lat' dir='ltr'><strong>facem</strong></span> 
     </span>
     <span class='ocr_line' id='line_1_35' title="bbox 313 2588 657 2641; baseline 0.003 -2"><span class='ocrx_word' id='word_1_204' title='bbox 313 2590 422 2640; x_wconf 85' lang='lat' dir='ltr'><strong>Ultricis</strong></span> <span class='ocrx_word' id='word_1_205' title='bbox 433 2588 562 2640; x_wconf 80' lang='lat' dir='ltr'><strong>Althaeae</strong></span> <span class='ocrx_word' id='word_1_206' title='bbox 573 2592 657 2641; x_wconf 89' lang='lat' dir='ltr'><strong>vides.</strong></span> 
     </span>
     <span class='ocr_line' id='line_1_36' title="bbox 312 2658 803 2724; baseline 0 -17"><span class='ocrx_word' id='word_1_207' title='bbox 312 2658 432 2723; x_wconf 87' lang='lat' dir='ltr'><strong>Reliquit</strong></span> <span class='ocrx_word' id='word_1_208' title='bbox 442 2659 510 2708; x_wconf 85' lang='lat' dir='ltr'><strong>istas</strong></span> <span class='ocrx_word' id='word_1_209' title='bbox 520 2659 592 2710; x_wconf 88' lang='lat' dir='ltr'><strong>invio</strong></span> <span class='ocrx_word' id='word_1_210' title='bbox 604 2660 709 2724; x_wconf 89' lang='lat' dir='ltr'><strong>plumas</strong></span> <span class='ocrx_word' id='word_1_211' title='bbox 719 2671 803 2724; x_wconf 83' lang='lat' dir='ltr'><strong>specu</strong></span> 
     </span>
     <span class='ocr_line' id='line_1_37' title="bbox 312 2725 714 2792; baseline -0.002 -17"><span class='ocrx_word' id='word_1_212' title='bbox 312 2725 450 2792; x_wconf 85' lang='lat' dir='ltr'><strong>Harpyia,</strong></span> <span class='ocrx_word' id='word_1_213' title='bbox 464 2727 526 2776; x_wconf 89' lang='lat' dir='ltr'><strong>dum</strong></span> <span class='ocrx_word' id='word_1_214' title='bbox 539 2727 623 2777; x_wconf 87' lang='lat' dir='ltr'><strong>Zeten</strong></span> <span class='ocrx_word' id='word_1_215' title='bbox 637 2725 714 2792; x_wconf 80' lang='lat' dir='ltr'><strong>fugit</strong></span> 
     </span>
    </p>
   </div>
   <div class='ocr_carea' id='block_1_3' title="bbox 0 0 1142 3086">
    <p class='ocr_par' dir='ltr' id='par_1_3' title="bbox 0 0 1142 3086">
     <span class='ocr_line' id='line_1_38' title="bbox 0 0 1142 3086; baseline 0 0"><span class='ocrx_word' id='word_1_216' title='bbox 0 0 1142 3086; x_wconf 95' lang='lat' dir='ltr'><strong> </strong></span> 
     </span>
    </p>
   </div>
  </div>
 </body>
</html>
