2280 3088
295 225 584 279 HIPPOLYTUS.
620 229 707 280 ACT.
726 229 761 280 ll.

122 328 163 379 Te
174 324 248 379 frons
259 325 332 380 hirta
343 329 434 390 decet,
445 334 473 378 te
483 329 593 379 brevior
604 344 683 382 coma

120 395 200 448 Nulla
210 397 270 464 lege
280 399 380 449 iacens.
418 399 462 446 Tu
473 397 537 448 licet
548 412 661 464 asperos

121 465 317 533 Pugnacesque
328 467 395 518 deos
406 467 506 516 viribus
518 481 613 516 arceas

120 534 158 584 Et
168 537 237 585 vasti
248 536 337 600 spatio
349 536 456 586 vincere
467 536 603 602 corporis:

120 604 226 670 Aequas
236 604 388 654 Herculeos
399 619 460 653 nam
470 605 573 654 iuvenis
584 609 670 666 toros,

121 672 217 721 lllartis
228 672 347 738 belligeri
362 679 473 738 pectore
484 673 574 722 latior.

122 737 150 788 Si
162 740 243 790 dorso
252 741 335 792 libeat
347 741 499 807 cornipedis
510 739 584 790 vehi:

121 808 215 858 Frenis
227 810 358 858 Castorea
370 810 495 858 mobilior
505 824 584 858 manu

122 873 286 940 Spartanum
298 878 398 942 poteris
411 876 520 926 flectere
533 877 669 942 Cyllaron.

120 945 262 994 Amentum
274 945 364 1010 digitis
375 945 455 995 tende
468 945 610 1011 prioribus,

119 1012 157 1062 Et
167 1014 233 1062 totis
244 1013 361 1063 iaculum
372 1013 457 1080 dirige
468 1014 583 1064 viribus:

120 1081 190 1132 Tam
200 1082 293 1149 longe,
306 1082 407 1133 dociles
418 1082 522 1148 spicula
533 1083 625 1150 figere,

119 1149 180 1200 Non
193 1153 301 1202 mittent
311 1152 439 1218 gracilem
451 1153 545 1202 Cretes
556 1152 722 1204 arundinem.

117 1221 172 1269 Aut
182 1221 205 1270 si
214 1221 270 1270 tela
280 1220 360 1270 modo
372 1233 501 1287 spargere
512 1219 641 1272 Parthico

119 1289 149 1338 ln
161 1289 267 1338 coelum
278 1289 396 1354 placeat:
409 1289 482 1340 nulla
492 1290 550 1340 sine
561 1289 625 1340 alite

119 1356 306 1418 Descenderit,
317 1357 409 1423 tepido
420 1359 524 1408 viscere
536 1359 659 1420 condita3

118 1424 252 1476 Praedam
264 1426 297 1476 de
309 1427 403 1477 mediis
414 1426 528 1476 nubibus
539 1425 671 1476 auferent.

118 1494 196 1544 Raris
207 1494 296 1544 forma
307 1497 369 1544 viris
381 1495 485 1556 (secula
495 1493 648 1560 prospiceil

119 1563 255 1627 lmpunita
265 1562 324 1612 fuit.
361 1562 403 1613 Te
414 1563 510 1612 melior
519 1564 588 1614 deus

119 1630 222 1680 Tutum
232 1636 402 1696 praetereat,
413 1630 554 1698 formaque
566 1631 662 1681 nobilis

118 1697 257 1748 Deformis
268 1701 334 1749 senii
345 1705 478 1748 monstret
487 1701 642 1764 imaginem.

119 1767 191 1826 Quid
202 1768 273 1816 sinat
283 1767 405 1816 inausum
416 1765 532 1816 feminae
544 1781 675 1832 praeceps
686 1763 779 1816 furori

118 1834 246 1886 Nefanda
256 1836 344 1884 iuveni
357 1835 469 1883 crimina
478 1835 579 1884 insonti
589 1839 675 1898 parat.

117 1905 159 1954 En
170 1901 286 1954 scelera!
308 1903 414 1968 quaerit
424 1903 496 1953 crine
508 1903 629 1953 lacerato
641 1901 731 1964 fidem,

116 1973 210 2024 Decus
220 1987 299 2022 omne
310 1972 403 2021 turbat
414 1972 524 2036 capitis,
535 1970 676 2022 humectat
688 1987 785 2037 genam
875 1959 877 1967 ยน

118 2042 265 2092 instruitur
276 2042 362 2090 omnis
372 2039 468 2090 fraude
479 2040 596 2091 feminea
606 2040 693 2090 dolus.

116 2109 170 2162 Sed
181 2113 232 2161 iste
244 2111 365 2177 quisnam
378 2116 432 2170 ost,
444 2111 547 2176 regium
559 2109 634 2159 vultu
646 2109 730 2160 deeris

117 2181 235 2240 Cereus,
247 2186 274 2229 et
285 2179 340 2230 alto
351 2179 452 2229 vertice
464 2179 591 2230 attollens
600 2177 699 2246 caputl

115 2249 151 2298 Ut
162 2264 212 2298 ora
221 2249 309 2298 iuveni
324 2249 400 2314 paria
412 2247 534 2300 Pirithoo
545 2240 627 2316 gerit,

115 2317 149 2367 Ni
162 2317 289 2384 languido
302 2317 404 2382 pallore
416 2317 564 2368 canderent
573 2332 670 2384 genae,

116 2383 261 2452 staretque
273 2392 348 2436 recta
360 2386 469 2452 squalor
478 2387 595 2438 incultus
606 2398 693 2437 coma.

115 2455 170 2516 En,
180 2456 239 2520 ipse
250 2452 374 2506 Theseus
384 2455 506 2506 redditus
516 2457 596 2506 terris
608 2452 699 2506 adest!

419 2629 628 2644 m
