2280 3088
241 251 288 302 146
300 251 333 302 L.
347 245 429 299 ANN.
442 245 605 300 SENECAE
616 237 847 294 HIPPOLlTUS.
859 238 937 290 ACT.
948 233 982 287 V.

322 356 440 413 Durate,
452 346 590 414 ttepidae.
600 343 709 410 lugubri
722 342 827 402 officio,
838 354 945 400 manus,

226 457 228 463 -
320 423 469 488 Fletnsque
479 418 573 483 largos
583 415 688 474 sistite,
696 417 805 462 urentes
815 423 912 476 genae,

325 492 395 540 num
406 487 527 538 membra
538 488 603 532 nato
614 483 722 548 genitor
734 480 895 544 adnumejnt
906 489 955 526 suo

244 560 311 612 1265
324 561 484 624 corpusque
496 549 585 618 tingit!
608 551 671 600 Hoc
682 549 747 616 qnid
758 553 801 598 est
812 546 902 597 forma
913 558 1010 596 carens

324 630 360 678 Et
371 634 464 691 turpe,
476 621 562 672 multo
572 619 684 668 vulnere
697 619 841 682 abruptum
853 611 989 681 undique?

324 698 401 758 Quae
412 705 475 759 pars
486 693 526 740 tui
537 690 573 740 sit
583 687 691 748 dubito,
704 681 751 738 sed
763 699 827 752 pars
839 690 880 735 est
891 685 940 734 tui.

326 766 393 826 Hie,
406 762 451 812 hic
461 771 643 826 repone;·n0n
655 769 719 818 suo,
730 760 760 804 at
769 769 857 804 vacuo
868 753 939 804 loco.
970 781 973 786 ·

326 835 439 883 Hancne
450 831 496 880 ilia
507 827 592 878 facies
603 827 666 892 igne
679 823 786 875 sidereo
799 824 896 884 nitens,

248 905 316 954 1270
328 903 440 952 inimica
451 898 563 948 flectens
573 891 692 945 luminat
712 891 765 942 huc
777 892 877 944 cecidit
887 888 987 942 decori

329 970 352 1019 0
364 969 423 1018 dira
433 965 504 1016 fata!
516 966 655 1015 numinum
666 978 683 1012 ο
693 977 790 1013 saevus
801 961 892 1012 favor.

330 1037 375 1088 Sic
387 1035 422 1086 ad
432 1039 573 1100 patentem
584 1037 683 1098 gnatus
695 1045 729 1081 ex
739 1037 806 1080 voto
816 1026 905 1080 redit?

329 1107 385 1168 En,
397 1103 466 1154 haec
477 1116 604 1166 suprema
616 1100 688 1149 dona
698 1099 830 1166 genitoris
842 1113 918 1164 cape,

331 1175 420 1240 Saepe
431 1167 597 1222 efferendus!
619 1169 727 1218 interim
739 1165 808 1218 haec
818 1168 895 1232 ignes
905 1163 1004 1216 ierant.

251 1248 319 1298 1215
332 1242 485 1295 Patefacite
496 1239 597 1288 acerba
608 1236 693 1287 caede
704 1235 841 1286 funestam
853 1235 976 1286 domum:

330 1311 478 1378 Mopsopia
490 1307 569 1358 claris
580 1311 640 1356 tota
650 1305 775 1356 lamentis
785 1311 873 1356 sonet.

331 1382 390 1434 Vos
402 1381 534 1446 adparate
544 1376 612 1442 regii
623 1373 760 1424 flammam
770 1375 844 1440 rogi3

332 1453 366 1502 At
376 1465 425 1500 vos
438 1463 487 1514 per
498 1461 580 1512 agros
592 1443 715 1510 corporis
726 1448 818 1508 partes
829 1455 913 1507 vagas

334 1514 485 1587 inquirite!
508 1517 592 1564 istam
603 1519 678 1563 terra
687 1511 825 1562 defossam
837 1513 952 1576 premat,

254 1590 321 1642 1280
334 1589 485 1656 Gravisque
496 1583 575 1634 telius
586 1581 669 1650 inpio
682 1581 764 1649 capiti
774 1579 892 1630 incubet.
