2274 3086
237 176 288 226 rto
408 171 442 222 1..
472 171 627 223 sunum
656 169 846 234 sunnone

236 277 287 328 41⁰
298 275 465 342 Remeatque
475 276 547 325 victo
558 275 664 336 similis,
675 276 787 341 exiguas
798 272 910 324 trahens

296 345 473 410 Luceresque
483 345 572 394 victor
582 344 668 394 classe
680 343 713 393 de
725 349 801 392 tauta
812 349 894 392 rates.

298 426 394 462 crura.
408 411 512 464 Effare:
525 427 604 462 casus
615 413 674 478 quis
686 418 760 462 rates
772 409 860 460 hausit
871 427 965 475 meas,

296 483 350 532 Aut
360 497 429 548 quae
441 483 521 530 maris
533 480 644 530 fortuna
654 479 804 545 dispulerat
814 478 913 530 duces?

297 564 372 600 sun.
387 550 492 601 Acerba
502 549 560 598 fatu
572 551 675 614 poscis,
687 548 833 598 infaustum
844 549 947 600 iubens

236 621 288 671 415
300 621 416 670 Miscere
426 619 499 668 laeto
510 620 640 668 nuntium.
677 617 789 683 Refugit
798 617 872 682 loqui

297 690 376 740 Mens
388 702 483 752 aegra,
495 688 578 736 tantis
590 693 670 752 atque
682 685 844 744 inhorrescit
856 685 945 736 usalis.

301 771 398 807 curu.
412 757 559 822 Expronre.
594 755 690 804 Clades
702 755 772 804 scire
784 756 828 820 qui
839 753 946 820 refugit
957 771 1047 821 suas,

301 825 404 876 Gravat
414 826 554 874 timorem:
566 823 648 873 dubia
658 824 717 888 plus
729 828 856 890 torquent
867 823 953 873 mala.

300 907 375 942 uun.
388 895 423 943 Ut
434 893 595 960 Pergamum
607 908 685 942 omne
699 891 802 940 Dorica
814 891 912 942 cecidit
921 891 1012 956 face;

239 965 291 1014 420
302 962 396 1011 Divisa
409 963 511 1026 praede
521 969 571 1012 est.
607 961 697 1010 Maria
708 966 885 1025 properantes
899 968 1018 1026 petunt.

301 1031 412 1096 lamque
423 1045 487 1079 ense
498 1029 599 1080 fessum
611 1030 686 1079 miles
699 1036 830 1092 exonerat
840 1029 925 1092 latus3

302 1097 435 1164 Neglecta
445 1114 563 1148 summas
573 1106 652 1149 scuta
663 1113 711 1164 per
722 1112 825 1162 puppes
836 1100 942 1162 iacent;

302 1167 483 1218 susurrares
495 1183 585 1217 remus
597 1174 707 1232 aptatur
718 1183 827 1229 manus3

303 1236 449 1300 Omnisque
461 1236 570 1284 nimium
581 1236 663 1302 longa
676 1237 832 1300 properanti
843 1251 921 1285 mora
931 1242 988 1287 est.

241 1307 292 1358 425
306 1303 418 1370 Signum
429 1318 555 1354 recursus
567 1306 643 1370 regia
653 1311 684 1353 ut
695 1303 770 1353 fulsit
781 1309 849 1365 rate,

302 1375 339 1424 Et
351 1371 425 1422 clara
434 1371 535 1422 lentum
547 1375 675 1439 remigem
688 1374 793 1422 monuit
802 1373 880 1422 tuba:

302 1445 405 1492 Aurata
417 1442 516 1506 primas
527 1457 609 1508 prora
620 1443 744 1508 designat
754 1443 820 1503 vias,

302 1512 449 1576 Aperitque
461 1527 568 1572 cursus,
580 1510 651 1561 mille
663 1527 730 1576 quos
742 1527 845 1577 puppes
857 1515 952 1561 secent

303 1581 374 1628 Hinc
386 1594 452 1628 aura
464 1580 548 1642 primo
561 1580 627 1629 leuis
638 1580 752 1644 impellit
762 1587 836 1630 rates

242 1649 294 1700 430
304 1648 422 1713 Adlapsa
432 1648 512 1710 velis3
522 1648 596 1697 unda
607 1650 651 1697 vix
661 1653 725 1698 actu
736 1649 788 1698 levi

304 1715 462 1783 Tranquillo
474 1715 593 1782 Zephyri
605 1717 692 1766 mollis
704 1715 797 1766 afflatu
808 1719 902 1768 tremit

305 1785 487 1852 splendetque
499 1785 585 1836 classe
597 1786 708 1852 pelagus
720 1791 748 1836 et
758 1787 860 1852 pariter
870 1786 946 1837 latet.

304 1855 383 1904 Iuvat
393 1853 485 1904 videre
496 1855 569 1904 nuda
579 1855 680 1904 Troiae
692 1853 795 1916 littora,
812 1867 814 1872 ·

304 1923 383 1972 Iuvat
393 1923 480 1974 relicti
490 1923 550 1972 sola
560 1921 632 1990 Sigei
643 1923 713 1975 loca.

243 1991 294 2042 435
305 1992 441 2058 Properat
449 1992 574 2042 iuventus
586 1994 672 2042 omnis
685 1991 818 2044 adductos
830 1992 908 2061 simul

304 2059 425 2111 Leutere
436 2073 538 2124 remos3
551 2061 660 2112 adiuvat
671 2068 767 2112 ventos
778 2078 868 2124 uranu,
925 2059 935 2070 ⁵

304 2131 340 2178 Et
350 2129 439 2178 valida
449 2131 508 2179 nisu
518 2130 631 2183 brechia
642 2131 746 2183 alterno
758 2136 859 2181 movet.

305 2195 416 2246 Sulcato
427 2198 534 2247 vibrant
544 2215 664 2266 aequora
674 2207 701 2250 ct
713 2201 800 2251 latera
809 2202 957 2266 increpant,

305 2264 590 2331 Dirinmntque'cauae
601 2269 737 2318 caerulum
750 2285 861 2335 spumae
872 2285 954 2320 nrare.

243 2335 295 2384 440
307 2334 343 2384 Ut
353 2349 420 2383 aura
431 2333 524 2398 plenos
535 2334 635 2388 fortior
645 2337 734 2394 tendit
743 2339 829 2388 sinus:

305 2403 426 2454 Posuere
438 2409 544 2466 tonsas,
556 2407 660 2457 creditu
671 2411 713 2458 est
724 2413 805 2457 vento
816 2407 897 2456 ratis:

303 2471 446 2539 Fususque
456 2471 582 2525 'transtris
593 2475 669 2526 miles
681 2482 728 2525 aut
738 2483 825 2526 terras
837 2472 941 2540 procul,

305 2540 442 2599 Quantum
454 2543 585 2592 recedunt
594 2543 667 2604 vela,
679 2543 814 2595 foetentes
825 2549 916 2604 nutat;

305 2609 358 2658 Aut
368 2609 440 2660 bellu
449 2609 556 2660 narrat:
570 2611 697 2661 Hectoris
708 2583 787 2662 lustu
799 2614 893 2671 urinas,

243 2675 294 2724 445
307 2677 473 2744 currusque,
485 2684 515 2729 et
525 2686 597 2730 emto
610 2677 745 2729 redditum
757 2695 855 2746 corpus
867 2679 948 2746 rogim
