2274 3086
210 202 261 254 252
383 201 416 252 L.
452 201 608 252 ANNAEI
629 201 819 254 SENECAE

270 305 308 355 Et
318 303 406 356 fervet
417 305 515 354 odium.
544 305 653 370 Repetit
663 306 775 358 invitam
787 319 896 356 manum

268 375 386 440 Antiqua
396 373 522 437 Erinnys.
558 374 616 434 Ira,
627 389 681 439 qua
691 375 780 435 ducis,
793 389 904 442 sequor.

251 491 257 507 ,
268 442 378 491 Utinam
389 442 523 507 superbae
534 442 616 492 turba
627 442 788 493 Tantalidos
799 458 860 494 meo

267 510 377 561 Exisset
389 510 584 575 utero,bisque
592 515 720 575 septenos
731 527 829 576 parens

208 579 259 630 945
271 579 376 630 Gnatus
386 577 520 628 tulissem!
543 576 648 628 Sterilis
658 581 686 628 in
697 593 799 644 poenas
811 579 858 630 fui.

268 649 358 698 Fratii
369 648 494 713 patrique
505 647 576 714 quod
588 654 631 696 sat
642 653 696 708 est,
708 651 801 713 peperi
811 649 888 698 duos.

180 743 187 753 ·
271 717 395 776 Quonam
406 717 553 766 istatendit
564 716 644 766 turba
654 716 796 766 Furiarum
806 715 958 782 impotensl·

270 787 357 846 Quem
369 786 487 850 quaerit,
499 790 546 834 aut
558 800 610 850 quo
622 783 762 835 flammeos
773 787 843 835 ictus
854 784 949 852 parati

269 855 322 902 Aut
333 854 375 902 cui
387 858 511 904 cruentas
523 869 619 920 agmen
629 852 763 904 infernum
774 852 851 904 faces

211 922 261 973 950
273 921 409 972 lntentatl·
429 923 526 988 ingens
539 924 632 989 anguis
644 937 757 972 excusso
769 928 850 972 sonat

271 991 374 1039 'Portus
385 989 501 1056 flagello.
540 991 626 1051 Quem
637 991 714 1040 trabe
725 989 825 1041 infesta
836 992 904 1056 petit

271 1057 418 1124 Megaeral
438 1060 515 1108 cuius
525 1060 622 1110 umbra
633 1059 760 1124 dispersis
771 1061 845 1110 venit

272 1128 380 1177 lncerta
391 1125 535 1176 membrisl
549 1129 647 1179 Frater
658 1127 711 1178 estl
733 1143 834 1193 poenas
846 1129 921 1194 petit.

273 1194 418 1255 Dabimus,
430 1195 477 1244 sed
491 1195 596 1246 ornnes!
615 1198 681 1263 Fige
691 1196 835 1248 luminibus
847 1195 934 1247 faces*

213 1263 263 1314 955
274 1263 375 1313 Lania!
387 1263 498 1328 perure!
515 1264 617 1315 Pectus
629 1281 676 1326 en,
688 1264 765 1316 furiis
776 1265 865 1332 patet!
877 1293 908 1302 —

217 1331 221 1337 “
273 1332 423 1384 Discedere
434 1348 515 1394 ame,
527 1332 626 1394 trater,
637 1334 748 1384 ultrices
759 1335 834 1398 deas,

273 1401 424 1468 Manesque
435 1401 468 1450 ad
479 1403 549 1452 imos
559 1404 598 1454 ire
609 1417 720 1452 securas
729 1403 805 1454 iube:

273 1469 342 1521 Mihi
353 1485 396 1520 me
405 1469 540 1537 relinque,
551 1477 579 1520 et
590 1478 667 1522 utere
677 1469 742 1532 hae,
753 1471 851 1533 frater,
862 1484 952 1532 manu,

273 1540 350 1601 Quae
365 1539 583 1589 senonicensem.
618 1540 738 1592 Victima
747 1555 840 1591 nianes
850 1546 913 1590 tuos

212 1607 263 1659 960
274 1608 417 1658 Placemus
427 1608 489 1656 ista.
527 1607 597 1668 Quid
608 1623 705 1674 repens
717 1607 806 1659 adfert
816 1607 915 1659 sonusi

272 1676 408 1728 Parentur
418 1691 505 1738 arma,
517 1692 613 1742 meque
623 1676 650 1726 in
662 1677 772 1727 exitium
783 1683 888 1743 petunt.

271 1745 389 1797 Excelsa
399 1751 510 1796 nostrae
521 1751 597 1796 tecta
608 1744 788 1796 conscendam
799 1746 895 1796 domus

272 1815 361 1866 Caede
373 1813 509 1864 inchoata.
545 1815 634 1882 Perge
645 1821 674 1864 tu
684 1829 803 1876 meeum,
815 1811 918 1865 comes!

271 1885 361 1934 Tuum
373 1897 480 1950 qnoque
491 1885 551 1949 ipsa
563 1898 660 1949 eorpus
671 1882 733 1933 hine
744 1899 850 1934 mecum
863 1879 983 1933 eveham.

209 1951 260 2002 965
272 1949 350 2002 Nunc
362 1949 415 2001 hoc
426 1967 490 2018 age,
502 1951 603 2002 animet
624 1951 686 2002 Non
696 1952 841 2002 inocculto
852 1952 902 2001 tibi
913 1956 955 2000 est

270 2020 414 2072 Perdenda
423 2022 521 2083 virtus;
533 2021 655 2086 adprobo
666 2021 765 2087 populo
777 2036 893 2071 manum.

270 2102 334 2138 res.
346 2089 505 2156 Quicunque
518 2105 611 2155 regum
621 2090 741 2140 cladibus
752 2089 821 2140 fidus
835 2089 919 2149 doles,

271 2158 422 2218 concurre,
433 2164 464 2206 ut
474 2159 561 2223 ipsam
572 2158 682 2209 sceleris
694 2164 834 2209 auctorem
845 2156 946 2208 horridi

271 2226 427 2290 Cantemus,
440 2227 516 2286 Huc,
528 2225 594 2288 hue,
606 2226 698 2289 fortis,
711 2226 845 2288 armiferi,
857 2224 964 2284 cohors,
1020 2259 1039 2288 ,
1133 2241 1134 2276 ;

209 2293 262 2344 eto
272 2291 400 2344 Conferte
410 2293 478 2342 tclal
494 2292 591 2344 vertite
602 2309 636 2345 ex
645 2296 699 2346 imo
711 2294 833 2347 domum!
1133 2289 1134 2352 l

270 2375 349 2411 nau.
362 2361 472 2411 lamiam
483 2363 575 2426 recepi
585 2369 702 2428 sceptra,
713 2378 880 2430 germanum,
891 2368 1010 2428 patrem3
1133 2371 1134 2374 ’

270 2427 444 2496 Spoliunrque
457 2428 550 2481 Colchi
562 2431 672 2495 pecudis
683 2437 796 2483 auratae
807 2429 913 2482 tenenti

270 2499 385 2550 Rediere
397 2497 492 2566 regne!
512 2505 593 2565 rapta
603 2501 741 2567 virginitas
753 2499 836 2551 redit!

272 2567 295 2616 0
307 2567 413 2632 placida
424 2568 532 2618 tandem
544 2568 664 2624 numina!
687 2584 703 2618 o
716 2567 815 2620 festum
826 2566 910 2619 diem!

212 2633 263 2685 915
275 2635 298 2686 Ο
309 2635 469 2701 nuptialem!
490 2635 581 2688 Vade:
594 2636 745 2702 perfectum
756 2644 798 2688 est
807 2636 910 2698 scelus3

274 2702 403 2754 Vindicta
413 2704 540 2756 nondum.
576 2705 696 2772 Perage,
708 2705 772 2756 dum
784 2705 890 2757 iaciunt
904 2703 1011 2758 marrus!
