2134 3088
198 189 248 240 aaa
390 186 440 254 [n.
466 185 623 238 Annam
644 183 855 256 sannone]

257 292 327 341 'rum
339 295 435 340 sancta
446 289 539 340 Pietas
550 289 648 339 extulit
657 289 778 356 trepidos
788 289 901 357 gradus.

197 361 246 411 160
257 359 433 426 vacuamque
445 358 563 424 Erinnys
575 373 658 408 saeva
668 357 777 409 funesto
788 360 858 426 pede

255 429 371 480 Intravit
384 428 486 488 aulam,
498 427 595 493 polluit
606 425 704 493 Stygia
714 427 776 476 iace

256 496 356 548 Sacros
366 502 493 563 penates,
504 497 564 546 iura
575 499 690 546 naturae
701 494 794 546 furens

256 567 365 632 Fasque
377 579 456 616 omne
467 566 553 630 rupit:
565 564 674 625 miscuit
684 565 784 614 coniux
794 566 852 614 viro

255 633 371 686 Venena
381 649 475 696 saera3
489 632 588 682 cecidit
599 639 681 699 atque
693 632 788 682 eadem
800 635 841 682 sui

196 704 247 755 165
258 703 325 754 Mox
337 703 440 754 scelere
451 703 517 752 nati.
528 701 571 750 Tu
583 717 690 768 quoque
701 703 838 752 extinctus
848 702 935 764 iaces,

257 771 389 823 Deflende
402 770 480 820 nobis
492 783 599 835 semper
609 770 703 819 infelix
713 785 790 835 puer,

255 839 341 891 Modo
352 839 426 890 sidus
438 839 520 900 orbis,
533 839 656 889 columen
668 840 805 905 Augustae
817 838 926 900 domus,

257 909 431 969 Britannice,
444 906 498 958 heu
508 906 564 958 mc!
576 923 646 956 nunc
656 907 723 957 levis
734 913 838 957 tanturn
851 907 921 958 cinis

218 1003 223 1012 ·
259 979 296 1028 Et
306 979 392 1028 tristis
403 976 518 1040 Umbra3
530 991 613 1026 saeva
625 977 667 1025 cui
678 975 804 1026 lacrimas
815 974 892 1025 dedit

198 1049 248 1097 1Ίῦ
258 1047 347 1097 Etiam
359 1061 489 1108 noverca,
501 1061 562 1096 cum
573 1047 647 1112 rogis
659 1052 734 1095 artus
745 1053 808 1094 tuos

259 1115 344 1166 Dedit
355 1115 529 1175 cremandos,
542 1113 716 1180 membraque
729 1119 757 1162 ct
768 1113 856 1162 vultus
868 1112 924 1162 deo

259 1182 365 1234 Similes
376 1183 477 1232 volanti
490 1182 599 1233 ilamnra
609 1181 717 1232 fervens
728 1181 847 1232 abstulit.

260 1265 277 1300 o
286 1265 335 1301 c'r.
348 1252 498 1317 Extinguat
509 1257 538 1301 et
548 1267 605 1313 me,
617 1267 650 1302 nc
662 1267 742 1300 manu
754 1256 849 1301 nostra
860 1249 958 1302 cadat.

261 1333 360 1370 noca.
371 1318 477 1370 Natura
488 1321 558 1370 vires
570 1337 622 1370 non
636 1320 709 1370 dedit
720 1326 810 1369 tantas
822 1319 880 1368 tibi.

200 1389 250 1440 1¹15
262 1403 279 1438 ο
289 1402 337 1440 cu.
349 1388 444 1450 Dolor,
455 1390 505 1450 ira,
518 1405 635 1451 moeror,
648 1390 781 1449 miseriae,
792 1389 881 1437 luctus
893 1388 1011 1439 dabunt,

261 1472 361 1508 nomn.
376 1456 463 1508 Vince
476 1457 650 1524 obsequendo
662 1460 752 1524 potius
767 1459 898 1507 immitem
911 1459 1012 1508 virum.

263 1541 280 1576 o
290 1541 339 1576 cu.
350 1527 385 1577 Ut
395 1525 508 1576 fratrem
521 1527 658 1576 adenrtunr
670 1526 773 1577 scelere
784 1527 915 1576 restituat
927 1525 1013 1576 mihil

262 1610 280 1645 n
288 1609 304 1645 o
312 1609 329 1643 u
337 1609 363 1644 a.
379 1595 524 1664 incolumis
535 1601 566 1644 ut
576 1597 612 1645 sis
622 1600 697 1662 ipsa,
708 1595 843 1646 labentem
854 1605 885 1644 ut
895 1595 1017 1646 domum

263 1664 400 1716 Genitoris
411 1663 474 1714 olim
485 1664 580 1714 sobole
591 1665 718 1715 restituas
730 1671 785 1714 tua.

202 1734 252 1784 1811
264 1747 339 1783 ocu.
351 1733 486 1798 Expectat
497 1733 577 1783 aliam
589 1733 724 1799 Principis
735 1732 856 1783 sobolem
868 1731 992 1798 domuum

261 1802 308 1853 Me
319 1802 378 1852 dira
390 1803 481 1852 miseri
493 1801 552 1853 iata
562 1804 682 1868 germani
694 1801 813 1851 trahunt.

261 1884 329 1922 nur
337 1884 362 1920 a.
375 1871 524 1921 confirmet
535 1873 653 1922 animum
664 1872 760 1922 civium
773 1875 864 1921 tantus
875 1868 970 1921 favor.
1063 1931 1064 1938 ἵ

263 1952 336 1989 ocu.
348 1937 458 1989 Solatur
468 1941 520 1990 iste
532 1945 635 2000 nostra,
647 1955 701 1990 non
713 1940 825 1999 relevat,
836 1938 922 1989 nrala.

262 2021 363 2058 nora.
378 2009 427 2060 Vis
437 2023 536 2076 magna
546 2009 638 2076 populi
650 2015 700 2060 est,
721 2022 795 2057 ocu.
806 2007 949 2074 Principis
961 2025 1012 2062 ma

625 2079 667 2127 ior
678 2084 778 2128 tamen.

202 2143 253 2195 185
264 2145 570 2213 nunnllcspicictipse
578 2149 727 2214 coniugem.
737 2160 753 2196 o
762 2161 777 2195 c
785 2159 811 2194 r.
823 2145 922 2197 Pollex
928 2154 1024 2200 vetat.

262 2213 1025 2282 nurmlnvisacunctisnempeocr.Sedcaraestviro

262 2295 363 2332 nura.
379 2280 506 2332 Nondum
517 2297 586 2334 uxor
598 2291 648 2335 est.
664 2297 736 2334 occ.
753 2265 810 2333 iam
821 2283 879 2345 liet,
893 2292 925 2336 et
943 2288 1026 2356 geni·

648 2354 703 2402 trix
713 2351 800 2403 simul.

262 2433 280 2468 u
287 2431 329 2468 ur·
336 2432 363 2467 n.
373 2419 499 2470 iuvenilis
511 2419 593 2470 acrior
603 2422 705 2486 impetu
713 2422 800 2484 primo
810 2418 895 2486 iurit;

262 2485 431 2552 Languescit
439 2487 511 2536 idern
523 2487 618 2548 facile,
631 2503 681 2538 nec
693 2489 774 2538 durat
784 2489 829 2536 diu

204 2553 255 2602 luo
266 2554 297 2602 ln
307 2568 405 2604 venere
416 2556 504 2619 turpi,
516 2570 567 2604 ceu
577 2555 642 2605 levis
654 2555 779 2607 flammae
789 2570 891 2622 vapos:

266 2625 348 2670 Amor
358 2623 483 2684 perennis
495 2623 617 2688 coniugis
629 2629 722 2674 castae
733 2630 833 2675 manet.

266 2686 378 2738 Vlolare
389 2690 476 2753 prima
487 2705 556 2756 quae
567 2697 644 2742 toros
656 2706 724 2744 ausa
735 2699 778 2745 est
787 2699 862 2757 tuos,
