2274 3086
214 198 614 276 nenmumuomcr.
636 205 670 256 ll.
681 205 729 258 lll.
835 205 886 258 m

75 297 149 362 Sed,
161 315 239 362 ecee,
249 307 327 352 vasto
340 304 462 353 concitus
472 303 549 354 miles
559 303 646 372 gradu

72 369 225 420 Manifesta
237 377 367 437 properat
376 373 454 438 signa
463 371 584 423 laetitiae
595 373 685 425 ferens

73 435 203 505 Namque
214 436 294 488 hasta
304 453 409 489 summo
420 439 539 490 lauream
550 439 624 493 ferro
634 443 715 509 gerit,

74 505 216 573 Fidusque
225 509 284 574 regi
294 522 402 574 semper
412 509 567 576 Eurybates
578 510 665 563 suaa

386 649 592 666 m

245 805 420 874 ACTUS
463 806 705 876 TERTIUS.

141 973 415 1033 Romuliana,
439 975 818 1024 cLYTAEMNEsrRA.

136 1089 261 1145 Eurybates
270 1096 365 1140 narrat,
376 1090 552 1145 Agamemnona
563 1095 666 1135 reducem
671 1090 784 1140 aduenire,
796 1097 880 1146 tempe-

77 1151 163 1190 statem
173 1145 290 1188 afannas
298 1145 431 1196 immotam,
442 1145 579 1202 Nauplr'ipuc
590 1149 642 1190 dolo
653 1154 825 1203 aggravatam
833 1159 882 1202 pa-

77 1208 162 1300 ranttpg
170 1200 212 1244 dis's
221 1201 328 1244 victimae
338 1207 362 1244 et
370 1201 498 1246 convivium
506 1201 685 1256 Agaraemont',
696 1203 803 1259 captivae
808 1205 879 1246 odme-

79 1269 123 1299 cua
163 1286 169 1297 .

79 1395 122 1432 uu
130 1395 156 1430 n.
170 1347 305 1433 Delubra
314 1388 342 1432 et
353 1396 414 1432 aras
425 1382 552 1432 coelitum
563 1388 591 1432 et
602 1384 705 1447 patrios
713 1383 785 1435 lares
830 1379 881 1432 390

78 1451 148 1501 Post
158 1450 240 1515 longa
249 1449 337 1500 lessus
348 1451 450 1514 spatia,
463 1451 507 1500 vix
519 1451 631 1500 credens
643 1449 717 1514 mihi,

81 1517 200 1584 Supplex
212 1517 306 1568 adoro.
341 1517 416 1568 Vota
427 1517 538 1584 Superis
548 1517 657 1568 solvite:

80 1587 198 1636 Telluris
210 1585 293 1635 altum
304 1591 409 1636 remeat
419 1587 560 1653 Argolicae
572 1587 654 1638 decus

81 1654 205 1706 Tandem
217 1653 252 1702 ad
262 1659 375 1720 penates
385 1655 474 1705 victor
486 1656 668 1720 Agamemnon
680 1671 752 1709 suos.

80 1737 179 1774 eurr.
190 1723 267 1774 Felix
279 1721 314 1772 ad
325 1737 405 1772 aures
415 1723 525 1772 nuntius
535 1725 610 1772 venit
620 1739 704 1776 meas.
830 1724 880 1774 395

77 1793 193 1844 Ubinam
203 1791 306 1858 petitus
317 1805 366 1856 per
377 1791 471 1841 decem
484 1791 584 1840 coniux
593 1789 657 1841 milri

77 1863 168 1912 Annos
180 1857 453 1926 momtnripelngm,
466 1872 499 1908 an
510 1864 598 1909 terras
606 1857 724 1926 promiti

77 1944 153 1981 uun.
164 1927 323 1992 incolumis,
336 1935 432 1978 auctus
442 1927 543 1992 gloria,
554 1927 634 1979 laude
645 1929 753 1980 inclitus

77 1999 214 2050 Reducem
226 1999 347 2064 expetito
357 1997 441 2047 littori
451 1997 588 2062 impressit
598 1997 705 2064 pedem.

79 2082 173 2118 carr.
187 2065 278 2118 Sacris
291 2066 410 2118 colamus
421 2080 581 2132 prosperum
591 2066 701 2119 tandem
714 2067 794 2132 diem,
826 2071 878 2121 40⁰

77 2139 146 2188 Etsi
156 2137 304 2203 propitios,
316 2141 436 2186 attamen
446 2133 549 2196 lentos,
561 2133 637 2186 deos.

78 2207 121 2256 Tu
133 2205 234 2273 pande,
245 2205 318 2256 vivat
329 2205 451 2272 coniugis
461 2199 548 2254 irater
557 2204 620 2266 mei,

78 2275 114 2325 Et
124 2275 224 2340 ponde,
235 2279 328 2326 teneat
338 2289 405 2341 quas
415 2287 494 2324 soror
504 2271 583 2323 sedes
593 2288 662 2326 mea.

78 2355 152 2394 aun.
161 2339 279 2394 Meliora
288 2344 359 2394 rotis
370 2357 472 2410 posco,
484 2347 512 2391 et
523 2340 647 2394 obtestor
658 2339 737 2396 deos:

78 2410 146 2462 Nam
157 2419 233 2463 certa
243 2411 295 2463 fari
305 2427 365 2463 sors
375 2411 457 2462 maris
468 2409 542 2460 dubii
552 2416 637 2462 vetat.
823 2411 875 2463 405

79 2481 114 2530 Ut
123 2495 218 2546 sparsa
228 2481 359 2531 tumidum
370 2481 462 2532 classis
473 2480 580 2546 excepit
590 2494 679 2532 mare:

79 2549 152 2598 Ratis
162 2549 254 2600 videre
265 2551 341 2600 socia
350 2564 404 2599 non
416 2549 507 2616 potuit
516 2553 614 2600 ratem.

81 2619 147 2678 Quin
157 2618 216 2682 ipse
226 2618 331 2668 Atrides
343 2633 461 2686 aequore
471 2619 602 2668 immenso
613 2631 699 2684 vagus

81 2687 211 2739 Grariore
221 2686 317 2754 pelago
329 2687 428 2738 damna
439 2701 519 2755 quam
530 2684 602 2736 bello
614 2685 685 2748 tulit,
