2134 3088
154 145 382 260 HEREULES
404 198 606 253 onradus.
643 196 775 248 noltll.
813 193 863 244 2⁹9

58 312 163 382 Palude
176 315 235 361 tota
245 310 348 360 vastior
359 320 470 370 serpens
481 307 582 364 movet,
812 295 864 347 26⁰

58 385 160 450 Ignara
171 380 254 439 vinci3
265 379 288 427 si
299 369 363 442 quid
374 373 491 424 excessit
502 371 574 421 ieras

59 452 196 509 immane,
208 448 309 506 dirum,
321 443 464 502 horribile,
475 455 528 506 quo
541 439 597 488 viso
609 437 744 486 Hercules

62 521 176 570 Avertat
187 515 293 574 oculose
305 513 358 562 hoc
366 511 426 562 sinu
436 511 567 560 immenso
581 511 661 556 exeat

61 588 116 640 Vel
127 588 151 636 si
161 585 236 634 ferae
248 588 394 649 negantur:
403 579 473 628 hanc
486 578 602 628 animani
614 587 711 638 precor

64 659 199 708 Converte
210 654 237 700 in
249 649 359 716 aliquid!
383 648 522 715 quodlibet
535 658 643 710 possum
655 640 755 690 malum
816 637 867 688 265

63 724 127 776 Hac
137 726 228 772 mente
238 721 305 770 lieri.
342 715 492 770 Commoda
502 714 619 778 effigiem
630 707 695 760 mihi

64 793 164 843 Parem
175 789 273 839 dolori:
286 803 338 836 non
350 787 424 851 capit
432 789 527 850 pectus
539 783 634 830 minas.

68 859 139 920 Quid
151 859 254 908 excutis
266 857 368 906 telluris
380 859 519 904 extremae
530 851 612 909 sinus,

67 929 222 992 Oibemque
233 922 342 974 versasl
364 922 427 989 quid
440 935 522 986 rogas
531 919 623 968 Ditem
634 913 722 966 malai
782 951 792 966 .

68 999 169 1048 Omnes
179 997 207 1044 in
218 995 271 1044 isto
282 997 392 1058 pectore
403 989 523 1040 invenies
534 986 615 1047 ieras,
820 981 871 1030 eto

69 1067 144 1126 Quas
155 1063 256 1112 timuit:
269 1061 337 1111 odiis
348 1061 441 1124 accipe
451 1057 505 1107 hoc
514 1056 596 1106 telum
609 1055 676 1104 tuis:

67 1135 128 1202 Ego
139 1148 199 1183 sum
209 1128 339 1180 noverca!
356 1128 476 1179 Perdere
486 1125 596 1174 Alciden
607 1128 699 1189 potes:

68 1201 167 1254 Profer
177 1215 272 1263 manus
284 1211 454 1265 quocunque.
489 1193 560 1254 Quid
572 1207 677 1253 cessas,
688 1188 757 1242 deal

68 1273 151 1323 Utere
163 1267 282 1319 furente!
298 1265 378 1328 Quod
388 1267 465 1316 iubes
475 1264 533 1312 fieri
544 1259 647 1312 neiosi'

69 1337 181 1405 Reperil
205 1337 275 1398 Quid
285 1333 398 1387 haeresi
418 1335 481 1398 lpse
491 1333 545 1380 iam
557 1345 647 1380 cesses
658 1329 732 1389 licet,
820 1321 872 1373 215

70 1409 149 1459 llaec
159 1408 201 1456 ira
210 1407 277 1456 satis
288 1410 337 1454 est.
373 1416 390 1451 n
398 1417 414 1450 n
423 1415 474 1450 rn.
496 1399 620 1449 Pectoris
632 1397 688 1446 sani
701 1409 806 1460 parum,

70 1475 195 1534 Alumna',
207 1478 318 1538 questus
329 1471 476 1534 comprime
488 1473 515 1516 ct
526 1467 648 1515 llammas
660 1462 753 1512 doma!

71 1545 161 1594 Frena
171 1537 305 1589 dolorem!
322 1539 464 1603 coniugem
475 1533 588 1584 ostende
598 1531 739 1582 Herculis!

73 1625 117 1661 nn
125 1623 189 1659 nnn.
202 1608 257 1657 lole
268 1607 334 1658 meis
345 1607 453 1670 captiva
462 1617 605 1670 germanos
616 1601 691 1650 dabit

75 1679 184 1738 Gnatis,
197 1677 319 1741 lorisque
332 1675 379 1724 liet
390 1689 404 1724 e
416 1673 518 1722 fanrula
530 1668 628 1720 nurusl
823 1665 874 1714 280

72 1747 144 1799 Num
155 1744 263 1794 {lamma
274 1759 368 1794 cursus
380 1744 481 1808 pariter
493 1745 521 1789 et
532 1745 638 1788 torrens
648 1735 747 1797 ferent,

73 1818 109 1867 Et
119 1815 189 1865 Ursa
199 1819 312 1878 pontum
323 1813 397 1862 sicca
407 1809 562 1860 coeruleum
572 1804 664 1856 bibetl
689 1868 691 1872 Ι

73 1883 134 1936 Non
144 1883 189 1938 the
201 1879 297 1932 inulta!
321 1880 444 1930 Gesseris
456 1877 560 1927 coelum
571 1875 645 1936 licet,

75 1956 217 2017 Totusque
229 1964 323 2016 pacem
336 1948 434 2000 debeat
446 1945 560 1996 mundus
571 1943 633 1994 tibi:
696 1997 707 2012 m

76 2022 126 2072 Est
137 2020 236 2086 aliquid
247 2017 336 2082 hydra
346 2019 450 2083 potius,
460 2017 546 2066 iratae
558 2013 637 2067 dolor
825 2008 876 2060 285

75 2089 192 2155 Nuptae.
229 2087 296 2147 Quis
307 2088 376 2152 ignis
388 2091 478 2135 tantus
490 2081 517 2138 in
528 2083 632 2139 coelum
643 2079 710 2136 furit

77 2158 200 2210 Ardentis
211 2153 330 2206 Aetnaei·
353 2153 489 2220 Quidquid
501 2157 543 2202 est
553 2153 654 2202 victum
665 2149 725 2210 tibi,

78 2228 131 2278 llic
141 2227 232 2276 vincet
243 2225 355 2274 nninrus.
392 2224 479 2287 Capta
490 2221 639 2286 praeripiet
649 2215 743 2268 torosi

78 2293 170 2346 Adhuc
181 2293 310 2344 timebam
323 2298 457 2353 monstra3
467 2292 521 2340 iarn
534 2289 633 2339 nullum
646 2293 688 2338 est
698 2277 807 2336 melum.

79 2366 190 2414 Cessero
202 2363 343 2428 pestes3in
353 2362 442 2412 locum
453 2361 527 2410 venit
537 2357 611 2410 ferae
827 2347 879 2401 29⁰

78 2432 167 2482 lnvisa
177 2431 273 2496 pellex.
311 2428 420 2480 Summe
433 2427 500 2494 proh
512 2433 604 2478 rector
616 2425 705 2485 deum,

78 2500 114 2549 Et
124 2499 195 2548 clare
206 2499 302 2558 Titan,
313 2499 440 2563 Herculis
450 2502 555 2546 tantum
567 2495 605 2545 lui

79 2567 184 2618 Coniux
193 2566 320 2616 timentis.
355 2567 430 2618 Vota
440 2581 508 2630 quae
520 2563 632 2629 Superis
642 2560 701 2622 tuli,

80 2636 190 2686 cessere
202 2639 313 2698 ceptae3
327 2635 414 2700 pellici
424 2633 491 2684 felix
500 2631 549 2682 lui.

78 2704 118 2756 llli
129 2718 204 2756 meas
215 2701 342 2766 audistis,
355 2719 371 2753 o
384 2702 494 2768 Superi,
505 2697 614 2768 preces!
