2280 3088
230 169 516 224 rrrrrousrua
552 171 639 224 scr.
658 162 723 226 n.'
809 173 860 226 ssa

63 279 166 328 Forsan
177 275 262 343 iugali
273 276 375 326 crimen
387 273 551 325 abscondam
561 269 631 326 lace.

62 348 188 398 Honesta
197 343 332 411 quaedam
341 343 446 394 scelera
457 359 600 394 successus
611 341 686 394 lucit.

63 411 777 480 Emincipe,animel-Commodespaulum‚preoor‚
813 411 865 464 600

65 483 193 534 Secretus
203 495 293 532 aures.
330 478 359 530 Si
371 482 429 546 quis
441 485 495 541 est,
507 481 601 542 abeat,
615 495 714 532 comes.

65 565 122 602 rur
130 565 155 600 r.
175 551 230 610 En,
242 549 319 599 locus
329 547 363 599 ab
376 550 447 598 omni
459 549 526 599 liber
537 550 649 600 arbitrio
659 545 751 600 vacat!

64 634 114 672 rra.
135 617 191 670 Sed
202 631 251 668 ora
262 619 366 684 coeptis
376 618 520 667 transitum
530 618 619 668 verbis
630 623 739 685 negant.

64 691 112 740 Vis
124 701 225 754 magna
234 701 329 736 rocem
341 687 454 747 emittit,
463 692 492 736 at
502 688 589 736 maior
600 691 683 737 tenet.

63 759 122 810 Vos
133 761 221 858 testpr
232 769 338 817 omnes,
351 753 477 817 coelites,
490 753 557 816 lroc,
570 753 643 821 quod
654 753 725 815 volo,
814 751 864 802 605

65 824 206 877 Menolle.

65 909 156 944 urrn.
174 893 319 942 Auimusne
331 893 442 958 cupiens
453 890 552 958 aliquid
564 889 640 942 effari
652 890 761 960 nequitl

67 977 116 1012 rsa.
136 963 225 1012 Curae
235 961 307 1010 leves
318 961 477 1027 loquuntur,
488 962 611 1026 ingentes
621 965 731 1028 stupent

66 1045 154 1081 nrrn.
175 1031 319 1080 Committe
331 1043 410 1080 curas
422 1030 544 1091 auribus,
556 1035 656 1092 mater,
668 1031 742 1080 oreis.

65 1113 115 1149 ra.
126 1096 793 1166 Matrissuperbunrestnonrenetnimiunrpotens;
813 1097 864 1149 610

64 1169 180 1219 Nostros
191 1165 316 1218 humilius
326 1181 423 1217 nomen
435 1166 559 1218 adiectus
570 1167 658 1218 decet.

63 1239 109 1288 Me
120 1236 167 1287 vel
175 1251 311 1296 sororem,
325 1235 489 1301 Hippolyte,
501 1237 543 1286 vel
555 1235 682 1286 famulam
694 1251 775 1286 voca·

63 1305 259 1371 Famulamque
271 1305 373 1370 potius:
386 1319 464 1354 omne
476 1306 614 1354 seruitium
624 1304 719 1355 feram.

63 1375 123 1425 Non
134 1390 194 1435 me,
205 1387 253 1440 per
264 1373 332 1423 altas
342 1375 382 1422 ire
394 1374 415 1423 si
426 1373 520 1424 iubeas
531 1375 614 1435 nives,

62 1445 162 1510 Pigeat
172 1441 269 1508 gelatis
280 1442 386 1508 ingredi
397 1442 473 1492 Pindi
486 1443 568 1508 iugis3

31 1541 35 1548 ·
62 1512 139 1572 Non,
154 1512 176 1560 si
186 1525 235 1576 per
245 1512 320 1577 ignes
330 1511 370 1582 ire
380 1515 408 1561 et
418 1510 517 1562 infesta
528 1511 643 1576 agmina,

62 1583 183 1631 Cuncter
193 1580 295 1644 paratis
307 1579 414 1630 ensibus
426 1586 520 1646 pectus
532 1578 605 1629 dare.

59 1648 196 1699 Mandata
205 1649 294 1714 recipe
307 1653 428 1714 sceptra,
440 1663 482 1698 me
492 1647 620 1696 famulam
633 1648 739 1712 accipe:

7 1721 8 1726 ’
61 1721 102 1768 Te
112 1718 230 1784 imperia
240 1731 349 1783 rogere,
362 1731 404 1766 me
415 1717 494 1765 decet
504 1715 578 1764 iussa
588 1715 693 1780 exequi.

61 1787 197 1838 Muliebre
207 1801 261 1835 non
272 1792 314 1836 est
326 1799 409 1852 regna
419 1783 503 1834 tutari
514 1782 633 1845 urbium3
813 1781 863 1832 tao

60 1857 119 1918 Tu,
135 1857 180 1922 qui
190 1856 316 1905 iuventae
329 1853 397 1903 llore
408 1853 546 1918 primaevo
556 1851 640 1918 viges,

60 1926 142 1974 Cives
152 1929 266 1990 paterno
278 1922 357 1972 fortis
368 1922 481 1987 imperio
493 1935 565 1992 rege.

62 1991 130 2043 Sinu
141 1998 279 2058 receptam
292 1991 440 2056 supplicem
452 2005 485 2042 ae
496 2005 601 2042 serram
612 1990 688 2058 tege!

60 2063 195 2112 Miserere
209 2059 316 2111 viduae!
338 2073 429 2110 uror.
451 2059 577 2110 Summus
588 2057 640 2110 hoc
654 2074 732 2110 omen
745 2058 811 2109 deos

61 2129 186 2182 Avertat!
209 2129 296 2179 aderit
308 2143 402 2194 sospes
414 2135 535 2180 actutum
548 2144 654 2195 parens.
812 2127 862 2178 62⁵

61 2214 114 2249 nsi.
135 2199 222 2266 Regni
233 2199 336 2248 tenacis
349 2197 471 2249 dominus
484 2205 511 2249 ct
521 2199 623 2248 tacitae
635 2195 736 2266 Stygis,

59 2269 168 2318 Nullam
180 2267 291 2317 relictos
301 2266 368 2316 fecit
379 2267 413 2316 ad
425 2265 544 2334 Superos
555 2269 633 2317 viam.

60 2336 189 2387 Thalami
199 2336 321 2386 remittet
330 2335 375 2386 ille
386 2343 523 2402 raptorem
535 2334 592 2388 suit

59 2405 120 2456 Nisi
131 2403 204 2455 forte
216 2405 300 2454 amori
311 2405 432 2470 placidus
445 2411 473 2456 et
484 2407 583 2457 Pluton
595 2405 680 2456 sedet.

62 2489 154 2524 rsrrr.
173 2474 250 2524 llluru
262 2473 370 2541 quidem
380 2477 459 2542 aequi
470 2476 580 2526 coelites
592 2475 720 2526 reducem

266 2601 268 2608 Α
475 2545 584 2595 dabunt.
813 2537 863 2590 630

64 2609 119 2660 Sed
130 2610 193 2662 dum
204 2611 310 2662 tenebit
318 2617 383 2663 vota
391 2615 418 2664 in
429 2615 534 2680 incerto
546 2613 626 2663 deus:

62 2679 169 2730 Pietate
183 2695 262 2730 caros
273 2681 365 2730 debita
375 2682 475 2731 iratres
487 2681 583 2741 oolam,
