2262 3082
236 238 271 288 30
415 235 449 286 L.
478 235 633 286 ANNAEI
663 233 852 286 SENECAE

295 340 417 390 Iusserat
427 337 520 388 mundi
530 343 674 403 penetrare
685 336 811 386 fundum:

293 407 399 458 Deerat
409 405 461 457 huc
472 406 681 458 selum‘nuntero
693 405 830 466 laborum,
894 429 897 434 Δ

294 478 405 526 Tertiae
417 490 508 542 regem
519 475 636 540 spoliare
648 474 737 523 sortis.
793 483 797 490 ¹

294 546 381 594 Ausus
393 551 434 595 est
446 559 544 594 coecos
557 543 645 592 aditus
656 543 737 602 inire,

234 612 284 663 835
295 613 378 662 Ducit
389 612 423 661 ad
432 613 529 662 Manes
540 612 584 660 via
595 617 647 676 qua
658 615 779 660 remotos

294 683 407 742 'l'ristis,
419 685 446 730 et
457 679 524 730 silva
534 675 686 742 mehuenda
696 679 786 756 niqra,
906 651 961 770 Cf?

295 747 349 799 Sed
358 749 485 815 frequens
496 762 594 814 magna
607 748 753 796 comitante
764 746 852 796 turba.

293 819 418 878 Quantus
428 817 531 866 incedit
541 815 657 881 populus
669 830 718 880 per
727 814 809 864 urbes

293 886 334 935 Ad
345 887 406 934 nevi
418 885 496 934 ludes
507 885 601 934 avidus
612 882 725 934 theatri:

233 953 283 1002 84⁰
296 955 418 1014 Quantus
429 952 526 1002 Eleum
536 953 589 1000 ruit
600 953 634 1000 ad
645 953 812 1012 Tonantem,

295 1023 395 1082 Quinta
407 1036 468 1071 curn
480 1035 587 1070 sacrum
598 1019 738 1068 revocarit
749 1028 852 1082 aestas;

295 1091 416 1151 Quanta,
429 1104 489 1139 cum
500 1089 597 1154 longae
609 1087 679 1137 redit
689 1085 757 1136 hera
766 1089 853 1150 necti,

294 1160 423 1208 Crescere
435 1161 464 1207 et
473 1172 582 1206 somnus
596 1157 705 1221 cupiens
717 1158 823 1222 quietos

292 1225 377 1275 Libra
388 1223 531 1276 Phoebeos
543 1230 618 1275 tenet
628 1238 716 1290 aequa
728 1241 835 1286 currus,

232 1293 282 1344 845
294 1295 388 1344 'l'urba
399 1298 532 1344 secretam
545 1295 669 1343 Cererem
681 1292 852 1358 frequentat,

290 1364 329 1414 Et
340 1363 387 1412 citi
396 1365 476 1412 tectis
488 1368 636 1427 properant
647 1361 748 1411 relictis

291 1432 373 1480 Attici
385 1436 493 1480 nectem
506 1430 644 1482 celebrare
655 1437 777 1494 mystae:

293 1501 384 1548 Tanta
395 1515 442 1565 per
454 1513 565 1564 eanrpos
578 1499 667 1564 agitur
678 1498 788 1548 silentes

293 1568 399 1631 Turba3
413 1582 475 1633 pars
488 1567 567 1616 tarda
578 1565 703 1632 gradiens
715 1571 827 1616 senecta

231 1636 282 1690 ete
293 1637 405 1696 'l'ristis‚
418 1641 446 1686 et
455 1635 537 1704 longa
548 1637 723 1696 satiatavita3

290 1705 358 1755 Pars
371 1703 459 1754 adhuc
471 1705 554 1756 currit
563 1704 682 1754 melioris
696 1703 763 1764 aevi,

289 1775 416 1840 Virgines
427 1774 545 1823 nonduni
556 1771 683 1822 thalamis
694 1773 819 1837 iugatae,

289 1844 325 1892 Et
337 1844 421 1892 cuniis
432 1843 551 1893 nondum
563 1843 658 1906 positis
671 1839 783 1906 ephebi,

288 1910 386 1959 Matris
396 1917 426 1960 et
435 1927 532 1960 nemen
545 1910 626 1958 niodo
640 1907 736 1958 dectus
747 1907 844 1958 infans.

229 1977 279 2028 855
290 1979 341 2028 His
353 1978 445 2026 datum
457 1978 535 2038 solis,
547 1979 634 2026 minus
645 1982 675 2025 ut
686 1978 824 2037 timerent,

290 2047 354 2112 lgne
366 2045 488 2110 praelato
500 2045 621 2096 relevare
633 2049 749 2094 noctem.

290 2115 380 2164 Ceteri
391 2114 493 2164 vadunt
504 2129 650 2181 peropaca
661 2115 767 2176 tristes;
784 2130 787 2138 ¹

290 2183 383 2243 Qualis
394 2189 436 2232 est
446 2181 523 2232 nobis
536 2184 653 2243 animus,
666 2188 772 2233 remota

289 2251 365 2302 Luce
378 2265 438 2300 cum
449 2259 570 2301 moestus
581 2251 633 2300 sibi
644 2252 757 2316 quisque
769 2249 851 2300 sentit

228 2317 278 2369 860
291 2319 423 2370 Obrutum
435 2325 496 2369 tota
507 2326 589 2384 caput
601 2335 660 2370 esse
671 2325 759 2368 terra:

288 2385 351 2438 Stat
361 2385 443 2438 chaos
455 2389 565 2439 densum
577 2388 759 2454 tenebraeque
769 2393 877 2453 turpes,

286 2457 324 2507 Et
335 2457 409 2506 colei·
420 2459 508 2508 noctis
516 2459 616 2518 nialuS,
629 2471 660 2506 ac
671 2457 773 2506 silentis

288 2525 379 2576 Otium
389 2526 481 2576 mundi
491 2531 647 2592 vacuaeque
658 2525 751 2574 nubes.

287 2591 355 2644 Sera
365 2610 415 2644 nos
425 2593 470 2644 ille
482 2593 585 2644 referat
596 2591 734 2644 senectus!

226 2659 277 2711 865
288 2661 373 2713 Nemo
386 2663 419 2713 ad
431 2663 457 2713 id
471 2678 533 2714 sero
544 2663 629 2723 venit,
640 2661 711 2710 unde
723 2673 874 2726 nunquam,

288 2733 353 2781 Cum
365 2731 449 2784 semel
458 2733 545 2794 venit,
557 2731 659 2798 poterit
670 2730 777 2780 reverti.
