<?xml version="1.0" encoding="UTF-8"?>
<!DOCTYPE html PUBLIC "-//W3C//DTD XHTML 1.0 Transitional//EN"
    "http://www.w3.org/TR/xhtml1/DTD/xhtml1-transitional.dtd">
<html xmlns="http://www.w3.org/1999/xhtml" xml:lang="en" lang="en">
 <head>
  <title>
</title>
<meta http-equiv="Content-Type" content="text/html;charset=utf-8" />
  <meta name='ocr-system' content='tesseract 3.04.00' />
  <meta name='ocr-capabilities' content='ocr_page ocr_carea ocr_par ocr_line ocrx_word'/>
</head>
<body>
  <div class='ocr_page' id='page_1' title='image "./lannaeisenecaet02senegoog_0054.png"; bbox 0 0 2262 3082; ppageno 0'>
   <div class='ocr_carea' id='block_1_1' title="bbox 303 221 907 282">
    <p class='ocr_par' dir='ltr' id='par_1_1' title="bbox 303 221 907 282">
     <span class='ocr_line' id='line_1_1' title="bbox 303 221 907 282; baseline 0.015 -9"><span class='ocrx_word' id='word_1_1' title='bbox 303 221 543 275; x_wconf 74' lang='lat' dir='ltr'>Tuiusrus.</span> <span class='ocrx_word' id='word_1_2' title='bbox 577 225 666 277; x_wconf 82' lang='lat' dir='ltr'><strong>ACT.</strong></span> <span class='ocrx_word' id='word_1_3' title='bbox 686 228 706 279; x_wconf 91' lang='lat' dir='ltr'>i.</span> <span class='ocrx_word' id='word_1_4' title='bbox 854 231 907 282; x_wconf 76' lang='lat' dir='ltr'>&#39;ut</span> 
     </span>
    </p>
   </div>
   <div class='ocr_carea' id='block_1_2' title="bbox 103 325 907 738">
    <p class='ocr_par' dir='ltr' id='par_1_2' title="bbox 106 325 712 392">
     <span class='ocr_line' id='line_1_2' title="bbox 106 325 712 392; baseline 0.007 -16"><span class='ocrx_word' id='word_1_5' title='bbox 106 325 225 376; x_wconf 78' lang='lat' dir='ltr'>Conviva</span> <span class='ocrx_word' id='word_1_6' title='bbox 234 325 333 376; x_wconf 80' lang='lat' dir='ltr'>venies.</span> <span class='ocrx_word' id='word_1_7' title='bbox 353 325 483 376; x_wconf 86' lang='lat' dir='ltr'>Liberum</span> <span class='ocrx_word' id='word_1_8' title='bbox 494 326 615 378; x_wconf 79' lang='lat' dir='ltr'>dedimus</span> <span class='ocrx_word' id='word_1_9' title='bbox 628 328 712 392; x_wconf 83' lang='lat' dir='ltr'>diem,</span> 
     </span>
    </p>

    <p class='ocr_par' dir='ltr' id='par_1_3' title="bbox 104 393 733 460">
     <span class='ocr_line' id='line_1_3' title="bbox 104 393 733 460; baseline 0.011 -18"><span class='ocrx_word' id='word_1_10' title='bbox 104 395 247 460; x_wconf 84' lang='lat' dir='ltr'>Tuamque</span> <span class='ocrx_word' id='word_1_11' title='bbox 257 393 293 444; x_wconf 85' lang='lat' dir='ltr'>ad</span> <span class='ocrx_word' id='word_1_12' title='bbox 302 395 355 444; x_wconf 78' lang='lat' dir='ltr'>ieta</span> <span class='ocrx_word' id='word_1_13' title='bbox 366 395 493 444; x_wconf 77' lang='lat' dir='ltr'>solvimus</span> <span class='ocrx_word' id='word_1_14' title='bbox 504 411 610 446; x_wconf 82' lang='lat' dir='ltr'>mensas</span> <span class='ocrx_word' id='word_1_15' title='bbox 620 395 733 448; x_wconf 75' lang='lat' dir='ltr'>laniem:</span> 
     </span>
    </p>

    <p class='ocr_par' dir='ltr' id='par_1_4' title="bbox 103 461 907 598">
     <span class='ocr_line' id='line_1_4' title="bbox 103 461 907 527; baseline 0.009 -15"><span class='ocrx_word' id='word_1_16' title='bbox 103 461 206 512; x_wconf 76' lang='lat' dir='ltr'><strong>Ieiunia</strong></span> <span class='ocrx_word' id='word_1_17' title='bbox 217 462 308 527; x_wconf 82' lang='lat' dir='ltr'>exple3</span> <span class='ocrx_word' id='word_1_18' title='bbox 320 463 419 512; x_wconf 80' lang='lat' dir='ltr'>mixtus</span> <span class='ocrx_word' id='word_1_19' title='bbox 430 464 457 512; x_wconf 93' lang='lat' dir='ltr'>in</span> <span class='ocrx_word' id='word_1_20' title='bbox 468 461 607 513; x_wconf 84' lang='lat' dir='ltr'>Bacchum</span> <span class='ocrx_word' id='word_1_21' title='bbox 619 480 700 516; x_wconf 87' lang='lat' dir='ltr'>cruor</span> <span class='ocrx_word' id='word_1_22' title='bbox 874 469 907 519; x_wconf 79' lang='grc'>65</span> 
     </span>
     <span class='ocr_line' id='line_1_5' title="bbox 104 529 637 598; baseline 0.008 -18"><span class='ocrx_word' id='word_1_23' title='bbox 104 529 251 595; x_wconf 83' lang='lat' dir='ltr'>Spectante</span> <span class='ocrx_word' id='word_1_24' title='bbox 263 537 290 580; x_wconf 88' lang='lat' dir='ltr'>te</span> <span class='ocrx_word' id='word_1_25' title='bbox 303 535 419 595; x_wconf 84' lang='lat' dir='ltr'>putetur.</span> <span class='ocrx_word' id='word_1_26' title='bbox 438 532 529 582; x_wconf 76' lang='lat' dir='ltr'>inveni</span> <span class='ocrx_word' id='word_1_27' title='bbox 540 532 637 598; x_wconf 77' lang='lat' dir='ltr'>dapes,</span> 
     </span>
    </p>

    <p class='ocr_par' dir='ltr' id='par_1_5' title="bbox 104 597 769 666">
     <span class='ocr_line' id='line_1_6' title="bbox 104 597 769 666; baseline 0.008 -18"><span class='ocrx_word' id='word_1_28' title='bbox 104 599 178 658; x_wconf 73' lang='lat' dir='ltr'>Quas</span> <span class='ocrx_word' id='word_1_29' title='bbox 189 599 246 664; x_wconf 84' lang='lat' dir='ltr'>ipse</span> <span class='ocrx_word' id='word_1_30' title='bbox 256 597 375 664; x_wconf 75' lang='lat' dir='ltr'>fugeres.</span> <span class='ocrx_word' id='word_1_31' title='bbox 396 597 479 650; x_wconf 82' lang='lat' dir='ltr'>Siste!</span> <span class='ocrx_word' id='word_1_32' title='bbox 491 615 543 666; x_wconf 92' lang='lat' dir='ltr'>quo</span> <span class='ocrx_word' id='word_1_33' title='bbox 555 615 687 666; x_wconf 85' lang='lat' dir='ltr'>praeceps</span> <span class='ocrx_word' id='word_1_34' title='bbox 698 601 769 653; x_wconf 80' lang='lat' dir='ltr'>ruini</span> 
     </span>
    </p>

    <p class='ocr_par' dir='ltr' id='par_1_6' title="bbox 104 667 826 738">
     <span class='ocr_line' id='line_1_7' title="bbox 104 667 826 738; baseline 0.011 -23"><span class='ocrx_word' id='word_1_35' title='bbox 104 679 167 716; x_wconf 73' lang='lat' dir='ltr'>&#39;rnu</span> <span class='ocrx_word' id='word_1_36' title='bbox 176 681 202 716; x_wconf 83' lang='lat' dir='ltr'>r.</span> <span class='ocrx_word' id='word_1_37' title='bbox 219 667 260 718; x_wconf 82' lang='lat' dir='ltr'>Ad</span> <span class='ocrx_word' id='word_1_38' title='bbox 271 673 368 734; x_wconf 81' lang='lat' dir='ltr'>stagna</span> <span class='ocrx_word' id='word_1_39' title='bbox 379 673 406 716; x_wconf 88' lang='lat' dir='ltr'>et</span> <span class='ocrx_word' id='word_1_40' title='bbox 418 681 509 717; x_wconf 79' lang='lat' dir='ltr'>amnes</span> <span class='ocrx_word' id='word_1_41' title='bbox 521 675 549 719; x_wconf 83' lang='lat' dir='ltr'>et</span> <span class='ocrx_word' id='word_1_42' title='bbox 559 670 718 720; x_wconf 74' lang='lat' dir='ltr'><strong>recedentes</strong></span> <span class='ocrx_word' id='word_1_43' title='bbox 729 686 826 738; x_wconf 79' lang='lat' dir='ltr'>aquae,</span> 
     </span>
    </p>
   </div>
   <div class='ocr_carea' id='block_1_3' title="bbox 97 733 907 2716">
    <p class='ocr_par' dir='ltr' id='par_1_7' title="bbox 103 733 696 804">
     <span class='ocr_line' id='line_1_8' title="bbox 103 733 696 804; baseline 0.008 -20"><span class='ocrx_word' id='word_1_44' title='bbox 103 733 254 800; x_wconf 82' lang='lat' dir='ltr'>Labrisque</span> <span class='ocrx_word' id='word_1_45' title='bbox 266 735 376 801; x_wconf 80' lang='lat' dir='ltr'>abipeis</span> <span class='ocrx_word' id='word_1_46' title='bbox 387 736 491 786; x_wconf 82' lang='lat' dir='ltr'>arboris</span> <span class='ocrx_word' id='word_1_47' title='bbox 503 737 598 800; x_wconf 78' lang='lat' dir='ltr'>plenae</span> <span class='ocrx_word' id='word_1_48' title='bbox 609 737 696 804; x_wconf 74' lang='lat' dir='ltr'>lngus.</span> 
     </span>
    </p>

    <p class='ocr_par' dir='ltr' id='par_1_8' title="bbox 102 803 907 936">
     <span class='ocr_line' id='line_1_9' title="bbox 102 803 907 862; baseline 0.004 -9"><span class='ocrx_word' id='word_1_49' title='bbox 102 804 182 853; x_wconf 83' lang='lat' dir='ltr'>Abire</span> <span class='ocrx_word' id='word_1_50' title='bbox 192 805 220 852; x_wconf 93' lang='lat' dir='ltr'>in</span> <span class='ocrx_word' id='word_1_51' title='bbox 232 809 319 852; x_wconf 84' lang='lat' dir='ltr'>atrurn</span> <span class='ocrx_word' id='word_1_52' title='bbox 331 805 448 854; x_wconf 82' lang='lat' dir='ltr'>carceris</span> <span class='ocrx_word' id='word_1_53' title='bbox 457 804 539 853; x_wconf 87' lang='lat' dir='ltr'>liceat</span> <span class='ocrx_word' id='word_1_54' title='bbox 549 803 614 854; x_wconf 88' lang='lat' dir='ltr'>rnihi</span> <span class='ocrx_word' id='word_1_55' title='bbox 873 811 907 862; x_wconf 72' lang='grc'>10</span> 
     </span>
     <span class='ocr_line' id='line_1_10' title="bbox 103 871 664 936; baseline 0.007 -16"><span class='ocrx_word' id='word_1_56' title='bbox 103 871 210 934; x_wconf 78' lang='lat' dir='ltr'>Cubile3</span> <span class='ocrx_word' id='word_1_57' title='bbox 222 871 315 932; x_wconf 86' lang='lat' dir='ltr'>liceat,</span> <span class='ocrx_word' id='word_1_58' title='bbox 327 873 349 922; x_wconf 84' lang='lat' dir='ltr'>ei</span> <span class='ocrx_word' id='word_1_59' title='bbox 361 887 455 936; x_wconf 74' lang='lat' dir='ltr'>parunt</span> <span class='ocrx_word' id='word_1_60' title='bbox 465 872 559 922; x_wconf 88' lang='lat' dir='ltr'>videor</span> <span class='ocrx_word' id='word_1_61' title='bbox 569 875 664 936; x_wconf 81' lang='lat' dir='ltr'>miser,</span> 
     </span>
    </p>

    <p class='ocr_par' dir='ltr' id='par_1_9' title="bbox 102 940 579 1004">
     <span class='ocr_line' id='line_1_11' title="bbox 102 940 579 1004; baseline 0.006 -16"><span class='ocrx_word' id='word_1_62' title='bbox 102 940 210 989; x_wconf 82' lang='lat' dir='ltr'><strong>Mutare</strong></span> <span class='ocrx_word' id='word_1_63' title='bbox 221 941 307 1004; x_wconf 83' lang='lat' dir='ltr'>ripas:</span> <span class='ocrx_word' id='word_1_64' title='bbox 319 940 396 990; x_wconf 83' lang='lat' dir='ltr'>alveo</span> <span class='ocrx_word' id='word_1_65' title='bbox 408 940 511 990; x_wconf 80' lang='lat' dir='ltr'>medius</span> <span class='ocrx_word' id='word_1_66' title='bbox 521 947 579 1003; x_wconf 89' lang='lat' dir='ltr'>tuo,</span> 
     </span>
    </p>

    <p class='ocr_par' dir='ltr' id='par_1_10' title="bbox 102 1005 744 1143">
     <span class='ocr_line' id='line_1_12' title="bbox 102 1005 744 1076; baseline 0.008 -18"><span class='ocrx_word' id='word_1_67' title='bbox 102 1005 285 1075; x_wconf 81' lang='lat' dir='ltr'>Phlegethon,</span> <span class='ocrx_word' id='word_1_68' title='bbox 298 1009 446 1075; x_wconf 87' lang='lat' dir='ltr'>relinquar,</span> <span class='ocrx_word' id='word_1_69' title='bbox 457 1011 537 1076; x_wconf 82' lang='lat' dir='ltr'>igneo</span> <span class='ocrx_word' id='word_1_70' title='bbox 549 1011 653 1062; x_wconf 77' lang='lat' dir='ltr'>cinctus</span> <span class='ocrx_word' id='word_1_71' title='bbox 664 1010 744 1063; x_wconf 78' lang='lat' dir='ltr'>freto.</span> 
     </span>
     <span class='ocr_line' id='line_1_13' title="bbox 102 1077 662 1143; baseline 0.007 -17"><span class='ocrx_word' id='word_1_72' title='bbox 102 1077 260 1142; x_wconf 79' lang='lat' dir='ltr'>Quicunque</span> <span class='ocrx_word' id='word_1_73' title='bbox 272 1091 373 1142; x_wconf 78' lang='lat' dir='ltr'>poenas</span> <span class='ocrx_word' id='word_1_74' title='bbox 385 1077 443 1143; x_wconf 85' lang='lat' dir='ltr'>lege</span> <span class='ocrx_word' id='word_1_75' title='bbox 454 1077 572 1127; x_wconf 79' lang='lat' dir='ltr'>fatorum</span> <span class='ocrx_word' id='word_1_76' title='bbox 584 1079 662 1130; x_wconf 73' lang='lat' dir='ltr'>natae</span> 
     </span>
    </p>

    <p class='ocr_par' dir='ltr' id='par_1_11' title="bbox 101 1145 904 1348">
     <span class='ocr_line' id='line_1_14' title="bbox 102 1145 904 1212; baseline 0.011 -18"><span class='ocrx_word' id='word_1_77' title='bbox 102 1145 166 1195; x_wconf 83' lang='lat' dir='ltr'>Pati</span> <span class='ocrx_word' id='word_1_78' title='bbox 175 1145 289 1207; x_wconf 85' lang='lat' dir='ltr'>iuberis;</span> <span class='ocrx_word' id='word_1_79' title='bbox 302 1147 420 1212; x_wconf 83' lang='lat' dir='ltr'>quisquis</span> <span class='ocrx_word' id='word_1_80' title='bbox 431 1160 513 1196; x_wconf 81' lang='lat' dir='ltr'>exeso</span> <span class='ocrx_word' id='word_1_81' title='bbox 524 1148 599 1198; x_wconf 84' lang='lat' dir='ltr'>iaces</span> <span class='ocrx_word' id='word_1_82' title='bbox 871 1153 904 1203; x_wconf 76' lang='grc'>15</span> 
     </span>
     <span class='ocr_line' id='line_1_15' title="bbox 101 1213 709 1281; baseline 0.007 -17"><span class='ocrx_word' id='word_1_83' title='bbox 101 1213 219 1265; x_wconf 76' lang='lat' dir='ltr'>Peridus</span> <span class='ocrx_word' id='word_1_84' title='bbox 230 1213 279 1263; x_wconf 76' lang='lat' dir='ltr'>sub</span> <span class='ocrx_word' id='word_1_85' title='bbox 291 1219 383 1275; x_wconf 86' lang='lat' dir='ltr'>antro,</span> <span class='ocrx_word' id='word_1_86' title='bbox 394 1215 502 1281; x_wconf 84' lang='lat' dir='ltr'>iamque</span> <span class='ocrx_word' id='word_1_87' title='bbox 513 1217 620 1266; x_wconf 78' lang='lat' dir='ltr'>venturi</span> <span class='ocrx_word' id='word_1_88' title='bbox 630 1217 709 1268; x_wconf 76' lang='lat' dir='ltr'>times</span> 
     </span>
     <span class='ocr_line' id='line_1_16' title="bbox 101 1283 697 1348; baseline 0.007 -17"><span class='ocrx_word' id='word_1_89' title='bbox 101 1283 330 1344; x_wconf 80' lang='lat' dir='ltr'>Montisruirra1113</span> <span class='ocrx_word' id='word_1_90' title='bbox 344 1284 462 1348; x_wconf 79' lang='lat' dir='ltr'>quisquis</span> <span class='ocrx_word' id='word_1_91' title='bbox 473 1283 612 1334; x_wconf 83' lang='lat' dir='ltr'>avidorum</span> <span class='ocrx_word' id='word_1_92' title='bbox 623 1283 697 1335; x_wconf 81' lang='lat' dir='ltr'>feros</span> 
     </span>
    </p>

    <p class='ocr_par' dir='ltr' id='par_1_12' title="bbox 101 1351 693 1418">
     <span class='ocr_line' id='line_1_17' title="bbox 101 1351 693 1418; baseline 0.003 -18"><span class='ocrx_word' id='word_1_93' title='bbox 101 1351 194 1400; x_wconf 82' lang='lat' dir='ltr'>Rictus</span> <span class='ocrx_word' id='word_1_94' title='bbox 206 1351 313 1400; x_wconf 87' lang='lat' dir='ltr'>leonum</span> <span class='ocrx_word' id='word_1_95' title='bbox 324 1357 352 1401; x_wconf 86' lang='lat' dir='ltr'>et</span> <span class='ocrx_word' id='word_1_96' title='bbox 362 1351 420 1402; x_wconf 86' lang='lat' dir='ltr'>dira</span> <span class='ocrx_word' id='word_1_97' title='bbox 433 1352 572 1401; x_wconf 80' lang='lat' dir='ltr'>Furiarum</span> <span class='ocrx_word' id='word_1_98' title='bbox 585 1354 693 1418; x_wconf 83' lang='lat' dir='ltr'>agmina</span> 
     </span>
    </p>

    <p class='ocr_par' dir='ltr' id='par_1_13' title="bbox 100 1417 730 1486">
     <span class='ocr_line' id='line_1_18' title="bbox 100 1417 730 1486; baseline 0.006 -18"><span class='ocrx_word' id='word_1_99' title='bbox 100 1419 248 1484; x_wconf 83' lang='lat' dir='ltr'>implicitus</span> <span class='ocrx_word' id='word_1_100' title='bbox 260 1417 368 1482; x_wconf 82' lang='lat' dir='ltr'>horres3</span> <span class='ocrx_word' id='word_1_101' title='bbox 381 1421 499 1486; x_wconf 80' lang='lat' dir='ltr'>quisquis</span> <span class='ocrx_word' id='word_1_102' title='bbox 510 1421 643 1470; x_wconf 83' lang='lat' dir='ltr'>immissus</span> <span class='ocrx_word' id='word_1_103' title='bbox 655 1419 730 1473; x_wconf 82' lang='lat' dir='ltr'>faces</span> 
     </span>
    </p>

    <p class='ocr_par' dir='ltr' id='par_1_14' title="bbox 101 1485 902 1622">
     <span class='ocr_line' id='line_1_19' title="bbox 102 1485 902 1555; baseline 0.006 -19"><span class='ocrx_word' id='word_1_104' title='bbox 102 1485 250 1538; x_wconf 75' lang='lat' dir='ltr'>semiustus</span> <span class='ocrx_word' id='word_1_105' title='bbox 262 1487 360 1554; x_wconf 62' lang='lat' dir='ltr'>ubiffi&#39;s:</span> <span class='ocrx_word' id='word_1_106' title='bbox 372 1487 480 1538; x_wconf 84' lang='lat' dir='ltr'>&#39;l&#39;untali</span> <span class='ocrx_word' id='word_1_107' title='bbox 490 1503 584 1538; x_wconf 85' lang='lat' dir='ltr'>vocem</span> <span class='ocrx_word' id='word_1_108' title='bbox 596 1489 690 1555; x_wconf 86' lang='lat' dir='ltr'>excipe</span> <span class='ocrx_word' id='word_1_109' title='bbox 869 1494 902 1544; x_wconf 77' lang='lat'>80</span> 
     </span>
     <span class='ocr_line' id='line_1_20' title="bbox 101 1555 718 1622; baseline 0.005 -18"><span class='ocrx_word' id='word_1_110' title='bbox 101 1555 275 1620; x_wconf 85' lang='lat' dir='ltr'>l&#39;roperantis</span> <span class='ocrx_word' id='word_1_111' title='bbox 287 1555 321 1605; x_wconf 86' lang='lat' dir='ltr'>ad</span> <span class='ocrx_word' id='word_1_112' title='bbox 331 1555 392 1606; x_wconf 83' lang='lat' dir='ltr'>rnsl</span> <span class='ocrx_word' id='word_1_113' title='bbox 404 1555 507 1607; x_wconf 81' lang='lat' dir='ltr'>credite</span> <span class='ocrx_word' id='word_1_114' title='bbox 517 1563 629 1622; x_wconf 81' lang='lat' dir='ltr'>experto</span> <span class='ocrx_word' id='word_1_115' title='bbox 641 1555 718 1608; x_wconf 82' lang='lat' dir='ltr'><strong>mihi:</strong></span> 
     </span>
    </p>

    <p class='ocr_par' dir='ltr' id='par_1_15' title="bbox 100 1623 743 1692">
     <span class='ocr_line' id='line_1_21' title="bbox 100 1623 743 1692; baseline 0.003 -19"><span class='ocrx_word' id='word_1_116' title='bbox 100 1625 195 1674; x_wconf 76' lang='lat' dir='ltr'>,inrate</span> <span class='ocrx_word' id='word_1_117' title='bbox 208 1623 320 1690; x_wconf 85' lang='lat' dir='ltr'>poenasl</span> <span class='ocrx_word' id='word_1_118' title='bbox 333 1624 448 1685; x_wconf 78' lang='lat' dir='ltr'>Quando</span> <span class='ocrx_word' id='word_1_119' title='bbox 460 1627 600 1692; x_wconf 84' lang='lat' dir='ltr'>continget</span> <span class='ocrx_word' id='word_1_120' title='bbox 611 1624 674 1675; x_wconf 84' lang='lat' dir='ltr'>milri</span> <span class='ocrx_word' id='word_1_121' title='bbox 738 1679 743 1688; x_wconf 58' lang='grc'><strong>,</strong></span> 
     </span>
    </p>

    <p class='ocr_par' dir='ltr' id='par_1_16' title="bbox 100 1690 826 1826">
     <span class='ocr_line' id='line_1_22' title="bbox 101 1690 826 1759; baseline 0.007 -18"><span class='ocrx_word' id='word_1_122' title='bbox 101 1690 228 1758; x_wconf 86' lang='lat' dir='ltr'>Effugere</span> <span class='ocrx_word' id='word_1_123' title='bbox 240 1690 374 1757; x_wconf 78' lang='lat' dir='ltr'>superost</span> <span class='ocrx_word' id='word_1_124' title='bbox 388 1707 430 1742; x_wconf 80' lang='lat' dir='ltr'>nr:</span> <span class='ocrx_word' id='word_1_125' title='bbox 439 1707 464 1741; x_wconf 85' lang='lat' dir='ltr'>n.</span> <span class='ocrx_word' id='word_1_126' title='bbox 486 1695 553 1742; x_wconf 85' lang='lat' dir='ltr'>Ante</span> <span class='ocrx_word' id='word_1_127' title='bbox 564 1694 694 1757; x_wconf 83' lang='lat' dir='ltr'>perturba</span> <span class='ocrx_word' id='word_1_128' title='bbox 705 1693 826 1759; x_wconf 74' lang='lat' dir='ltr'>denium,</span> 
     </span>
     <span class='ocr_line' id='line_1_23' title="bbox 100 1759 663 1826; baseline 0.002 -18"><span class='ocrx_word' id='word_1_129' title='bbox 100 1759 226 1826; x_wconf 83' lang='lat' dir='ltr'>inferque</span> <span class='ocrx_word' id='word_1_130' title='bbox 236 1765 326 1810; x_wconf 86' lang='lat' dir='ltr'>tecum</span> <span class='ocrx_word' id='word_1_131' title='bbox 338 1761 440 1824; x_wconf 83' lang='lat' dir='ltr'>proelia</span> <span class='ocrx_word' id='word_1_132' title='bbox 451 1767 479 1808; x_wconf 90' lang='lat' dir='ltr'>et</span> <span class='ocrx_word' id='word_1_133' title='bbox 489 1760 551 1809; x_wconf 84' lang='lat' dir='ltr'>ferri</span> <span class='ocrx_word' id='word_1_134' title='bbox 564 1762 663 1810; x_wconf 83' lang='lat' dir='ltr'>malurn</span> 
     </span>
    </p>

    <p class='ocr_par' dir='ltr' id='par_1_17' title="bbox 100 1829 901 1962">
     <span class='ocr_line' id='line_1_24' title="bbox 100 1829 901 1894; baseline 0.001 -16"><span class='ocrx_word' id='word_1_135' title='bbox 100 1829 218 1894; x_wconf 79' lang='lat' dir='ltr'>Regibus</span> <span class='ocrx_word' id='word_1_136' title='bbox 230 1842 363 1888; x_wconf 65' lang='lat' dir='ltr'>amorem</span> <span class='ocrx_word' id='word_1_137' title='bbox 375 1833 489 1876; x_wconf 86' lang='lat' dir='ltr'>concute</span> <span class='ocrx_word' id='word_1_138' title='bbox 500 1829 594 1878; x_wconf 83' lang='lat' dir='ltr'>insane</span> <span class='ocrx_word' id='word_1_139' title='bbox 605 1829 693 1878; x_wconf 85' lang='lat' dir='ltr'>lerum</span> <span class='ocrx_word' id='word_1_140' title='bbox 868 1838 901 1887; x_wconf 81' lang='lat'>85</span> 
     </span>
     <span class='ocr_line' id='line_1_25' title="bbox 100 1895 804 1962; baseline 0.009 -15"><span class='ocrx_word' id='word_1_141' title='bbox 100 1897 201 1947; x_wconf 87' lang='lat' dir='ltr'>Pectus</span> <span class='ocrx_word' id='word_1_142' title='bbox 207 1895 337 1957; x_wconf 49' lang='lat' dir='ltr'>tumultu.</span> <span class='ocrx_word' id='word_1_143' title='bbox 357 1909 421 1944; x_wconf 78' lang='lat' dir='ltr'>rnre</span> <span class='ocrx_word' id='word_1_144' title='bbox 428 1909 455 1944; x_wconf 86' lang='lat' dir='ltr'>r.</span> <span class='ocrx_word' id='word_1_145' title='bbox 474 1896 520 1944; x_wconf 86' lang='lat' dir='ltr'>Me</span> <span class='ocrx_word' id='word_1_146' title='bbox 532 1897 589 1962; x_wconf 83' lang='lat' dir='ltr'>pati</span> <span class='ocrx_word' id='word_1_147' title='bbox 601 1912 702 1962; x_wconf 73' lang='lat' dir='ltr'>poenus</span> <span class='ocrx_word' id='word_1_148' title='bbox 713 1898 804 1959; x_wconf 79' lang='lat' dir='ltr'>dccet.</span> 
     </span>
    </p>

    <p class='ocr_par' dir='ltr' id='par_1_18' title="bbox 102 1962 721 2032">
     <span class='ocr_line' id='line_1_26' title="bbox 102 1962 721 2032; baseline 0.006 -18"><span class='ocrx_word' id='word_1_149' title='bbox 102 1962 161 2014; x_wconf 85' lang='lat' dir='ltr'>Nun</span> <span class='ocrx_word' id='word_1_150' title='bbox 174 1980 233 2014; x_wconf 87' lang='lat' dir='ltr'>esse</span> <span class='ocrx_word' id='word_1_151' title='bbox 246 1979 369 2028; x_wconf 82' lang='lat' dir='ltr'>poenam.</span> <span class='ocrx_word' id='word_1_152' title='bbox 388 1965 500 2026; x_wconf 81' lang='lat' dir='ltr'><strong>Mittor,</strong></span> <span class='ocrx_word' id='word_1_153' title='bbox 511 1971 542 2014; x_wconf 93' lang='lat' dir='ltr'>ut</span> <span class='ocrx_word' id='word_1_154' title='bbox 552 1965 625 2016; x_wconf 84' lang='lat' dir='ltr'>dirus</span> <span class='ocrx_word' id='word_1_155' title='bbox 635 1981 721 2032; x_wconf 84' lang='lat' dir='ltr'>vapor</span> 
     </span>
    </p>

    <p class='ocr_par' dir='ltr' id='par_1_19' title="bbox 99 2032 684 2100">
     <span class='ocr_line' id='line_1_27' title="bbox 99 2032 684 2100; baseline 0.003 -18"><span class='ocrx_word' id='word_1_156' title='bbox 99 2032 208 2082; x_wconf 84' lang='lat' dir='ltr'>Tellure</span> <span class='ocrx_word' id='word_1_157' title='bbox 220 2040 313 2099; x_wconf 87' lang='lat' dir='ltr'>rupta,</span> <span class='ocrx_word' id='word_1_158' title='bbox 324 2033 366 2084; x_wconf 84' lang='lat' dir='ltr'>vel</span> <span class='ocrx_word' id='word_1_159' title='bbox 375 2049 485 2100; x_wconf 84' lang='lat' dir='ltr'>gravem</span> <span class='ocrx_word' id='word_1_160' title='bbox 497 2035 603 2098; x_wconf 84' lang='lat' dir='ltr'>populis</span> <span class='ocrx_word' id='word_1_161' title='bbox 613 2035 684 2086; x_wconf 89' lang='lat' dir='ltr'>luern</span> 
     </span>
    </p>

    <p class='ocr_par' dir='ltr' id='par_1_20' title="bbox 99 2099 761 2166">
     <span class='ocr_line' id='line_1_28' title="bbox 99 2099 761 2166; baseline 0.008 -15"><span class='ocrx_word' id='word_1_162' title='bbox 99 2099 233 2166; x_wconf 82' lang='lat' dir='ltr'>Sparsura</span> <span class='ocrx_word' id='word_1_163' title='bbox 244 2103 336 2166; x_wconf 82' lang='lat' dir='ltr'>pestis.</span> <span class='ocrx_word' id='word_1_164' title='bbox 356 2101 460 2152; x_wconf 84' lang='lat' dir='ltr'>Ducam</span> <span class='ocrx_word' id='word_1_165' title='bbox 471 2103 498 2152; x_wconf 92' lang='lat' dir='ltr'>in</span> <span class='ocrx_word' id='word_1_166' title='bbox 509 2101 673 2154; x_wconf 85' lang='lat' dir='ltr'>horrendum</span> <span class='ocrx_word' id='word_1_167' title='bbox 684 2104 761 2158; x_wconf 73' lang='lat' dir='ltr'>nesae</span> 
     </span>
    </p>

    <p class='ocr_par' dir='ltr' id='par_1_21' title="bbox 97 2169 898 2308">
     <span class='ocr_line' id='line_1_29' title="bbox 97 2169 898 2237; baseline 0.004 -17"><span class='ocrx_word' id='word_1_168' title='bbox 97 2171 169 2220; x_wconf 67' lang='lat' dir='ltr'>Avus</span> <span class='ocrx_word' id='word_1_169' title='bbox 180 2169 311 2236; x_wconf 64' lang='lat' dir='ltr'>nepotes?</span> <span class='ocrx_word' id='word_1_170' title='bbox 323 2171 422 2237; x_wconf 84' lang='lat' dir='ltr'>Magne</span> <span class='ocrx_word' id='word_1_171' title='bbox 434 2171 556 2220; x_wconf 83' lang='lat' dir='ltr'>divorum</span> <span class='ocrx_word' id='word_1_172' title='bbox 569 2187 668 2237; x_wconf 83' lang='lat' dir='ltr'>parens</span> <span class='ocrx_word' id='word_1_173' title='bbox 865 2179 898 2229; x_wconf 75' lang='lat'>90</span> 
     </span>
     <span class='ocr_line' id='line_1_30' title="bbox 98 2237 714 2308; baseline 0.006 -20"><span class='ocrx_word' id='word_1_174' title='bbox 98 2237 265 2306; x_wconf 67' lang='lat' dir='ltr'>Materque,</span> <span class='ocrx_word' id='word_1_175' title='bbox 278 2241 397 2305; x_wconf 78' lang='lat' dir='ltr'>quumvis</span> <span class='ocrx_word' id='word_1_176' title='bbox 409 2240 523 2305; x_wconf 77' lang='lat' dir='ltr'>pudeat,</span> <span class='ocrx_word' id='word_1_177' title='bbox 535 2241 639 2308; x_wconf 84' lang='lat' dir='ltr'>ingenti</span> <span class='ocrx_word' id='word_1_178' title='bbox 648 2241 714 2294; x_wconf 82' lang='lat' dir='ltr'>licet</span> 
     </span>
    </p>

    <p class='ocr_par' dir='ltr' id='par_1_22' title="bbox 98 2307 680 2376">
     <span class='ocr_line' id='line_1_31' title="bbox 98 2307 680 2376; baseline 0.005 -21"><span class='ocrx_word' id='word_1_179' title='bbox 98 2307 207 2356; x_wconf 78' lang='lat' dir='ltr'>&#39;laxata</span> <span class='ocrx_word' id='word_1_180' title='bbox 218 2323 307 2374; x_wconf 85' lang='lat' dir='ltr'>pnena</span> <span class='ocrx_word' id='word_1_181' title='bbox 317 2308 408 2374; x_wconf 83' lang='lat' dir='ltr'>lingua</span> <span class='ocrx_word' id='word_1_182' title='bbox 419 2309 555 2358; x_wconf 85' lang='lat' dir='ltr'>crucietur</span> <span class='ocrx_word' id='word_1_183' title='bbox 567 2309 680 2376; x_wconf 77' lang='lat' dir='ltr'>loquax:</span> 
     </span>
    </p>

    <p class='ocr_par' dir='ltr' id='par_1_23' title="bbox 98 2374 709 2438">
     <span class='ocr_line' id='line_1_32' title="bbox 98 2374 709 2438; baseline 0.008 -13"><span class='ocrx_word' id='word_1_184' title='bbox 98 2374 155 2426; x_wconf 87' lang='lat' dir='ltr'>Nee</span> <span class='ocrx_word' id='word_1_185' title='bbox 167 2374 219 2425; x_wconf 89' lang='lat' dir='ltr'>hoc</span> <span class='ocrx_word' id='word_1_186' title='bbox 231 2376 342 2426; x_wconf 85' lang='lat' dir='ltr'>tacebo:</span> <span class='ocrx_word' id='word_1_187' title='bbox 354 2392 465 2438; x_wconf 82' lang='lat' dir='ltr'>menen,</span> <span class='ocrx_word' id='word_1_188' title='bbox 477 2392 510 2426; x_wconf 89' lang='lat' dir='ltr'>ne</span> <span class='ocrx_word' id='word_1_189' title='bbox 522 2391 603 2436; x_wconf 80' lang='lat' dir='ltr'>sacra</span> <span class='ocrx_word' id='word_1_190' title='bbox 613 2394 709 2430; x_wconf 76' lang='lat' dir='ltr'>manus</span> 
     </span>
    </p>

    <p class='ocr_par' dir='ltr' id='par_1_24' title="bbox 98 2443 573 2505">
     <span class='ocr_line' id='line_1_33' title="bbox 98 2443 573 2505; baseline 0.004 -10"><span class='ocrx_word' id='word_1_191' title='bbox 98 2443 207 2495; x_wconf 87' lang='lat' dir='ltr'>Violate</span> <span class='ocrx_word' id='word_1_192' title='bbox 219 2444 315 2505; x_wconf 83' lang='lat' dir='ltr'>caede,</span> <span class='ocrx_word' id='word_1_193' title='bbox 326 2459 392 2494; x_wconf 84' lang='lat' dir='ltr'>neve</span> <span class='ocrx_word' id='word_1_194' title='bbox 403 2444 492 2495; x_wconf 78' lang='lat' dir='ltr'>furiali</span> <span class='ocrx_word' id='word_1_195' title='bbox 502 2446 573 2497; x_wconf 81' lang='lat' dir='ltr'>malo</span> 
     </span>
    </p>

    <p class='ocr_par' dir='ltr' id='par_1_25' title="bbox 98 2511 698 2579">
     <span class='ocr_line' id='line_1_34' title="bbox 98 2511 698 2579; baseline 0.005 -17"><span class='ocrx_word' id='word_1_196' title='bbox 98 2512 257 2579; x_wconf 74' lang='lat' dir='ltr'>Adspergite</span> <span class='ocrx_word' id='word_1_197' title='bbox 269 2512 342 2563; x_wconf 80' lang='lat' dir='ltr'>urae!</span> <span class='ocrx_word' id='word_1_198' title='bbox 355 2511 439 2564; x_wconf 85' lang='lat' dir='ltr'>Stubo</span> <span class='ocrx_word' id='word_1_199' title='bbox 451 2519 479 2564; x_wconf 86' lang='lat' dir='ltr'>et</span> <span class='ocrx_word' id='word_1_200' title='bbox 491 2515 590 2564; x_wconf 84' lang='lat' dir='ltr'>arcebo</span> <span class='ocrx_word' id='word_1_201' title='bbox 601 2515 698 2565; x_wconf 77' lang='lat' dir='ltr'>scelus.</span> 
     </span>
    </p>

    <p class='ocr_par' dir='ltr' id='par_1_26' title="bbox 100 2581 694 2642">
     <span class='ocr_line' id='line_1_35' title="bbox 100 2581 694 2642; baseline 0.005 -13"><span class='ocrx_word' id='word_1_202' title='bbox 100 2581 170 2640; x_wconf 75' lang='lat' dir='ltr'>Quid</span> <span class='ocrx_word' id='word_1_203' title='bbox 182 2596 230 2632; x_wconf 85' lang='lat' dir='ltr'>orn</span> <span class='ocrx_word' id='word_1_204' title='bbox 241 2587 327 2632; x_wconf 79' lang='lat' dir='ltr'>terres</span> <span class='ocrx_word' id='word_1_205' title='bbox 337 2581 463 2642; x_wconf 85' lang='lat' dir='ltr'>verbere,</span> <span class='ocrx_word' id='word_1_206' title='bbox 476 2587 505 2632; x_wconf 84' lang='lat' dir='ltr'>et</span> <span class='ocrx_word' id='word_1_207' title='bbox 515 2589 604 2633; x_wconf 81' lang='lat' dir='ltr'>tortos</span> <span class='ocrx_word' id='word_1_208' title='bbox 616 2582 694 2634; x_wconf 79' lang='lat' dir='ltr'>ferox</span> 
     </span>
    </p>

    <p class='ocr_par' dir='ltr' id='par_1_27' title="bbox 97 2648 730 2716">
     <span class='ocr_line' id='line_1_36' title="bbox 97 2648 730 2716; baseline 0.005 -18"><span class='ocrx_word' id='word_1_209' title='bbox 97 2649 209 2699; x_wconf 79' lang='lat' dir='ltr'>Minaris</span> <span class='ocrx_word' id='word_1_210' title='bbox 221 2648 338 2716; x_wconf 65' lang='lat' dir='ltr'>angues?</span> <span class='ocrx_word' id='word_1_211' title='bbox 351 2650 413 2714; x_wconf 83' lang='lat' dir='ltr'>quid</span> <span class='ocrx_word' id='word_1_212' title='bbox 426 2649 524 2701; x_wconf 81' lang='lat' dir='ltr'>famem</span> <span class='ocrx_word' id='word_1_213' title='bbox 535 2652 617 2700; x_wconf 81' lang='lat' dir='ltr'>fixam</span> <span class='ocrx_word' id='word_1_214' title='bbox 627 2652 730 2702; x_wconf 76' lang='lat' dir='ltr'>intimis</span> 
     </span>
    </p>
   </div>
   <div class='ocr_carea' id='block_1_4' title="bbox 98 2716 731 2834">
    <p class='ocr_par' dir='ltr' id='par_1_28' title="bbox 98 2716 731 2834">
     <span class='ocr_line' id='line_1_37' title="bbox 98 2716 731 2834; baseline 0.003 -67"><span class='ocrx_word' id='word_1_215' title='bbox 98 2719 191 2784; x_wconf 78' lang='lat' dir='ltr'>rigitus</span> <span class='ocrx_word' id='word_1_216' title='bbox 202 2716 340 2768; x_wconf 68' lang='lat' dir='ltr'>medullis!</span> <span class='ocrx_word' id='word_1_217' title='bbox 356 2717 469 2785; x_wconf 76' lang='lat' dir='ltr'>Flagrat</span> <span class='ocrx_word' id='word_1_218' title='bbox 478 2719 617 2770; x_wconf 86' lang='lat' dir='ltr'>incensum</span> <span class='ocrx_word' id='word_1_219' title='bbox 626 2720 700 2834; x_wconf 82' lang='lat' dir='ltr'>nitin</span> <span class='ocrx_word' id='word_1_220' title='bbox 715 2787 731 2834; x_wconf 63' lang='grc'>2</span> 
     </span>
    </p>
   </div>
   <div class='ocr_carea' id='block_1_5' title="bbox 0 0 1136 3082">
    <p class='ocr_par' dir='ltr' id='par_1_29' title="bbox 0 0 1136 3082">
     <span class='ocr_line' id='line_1_38' title="bbox 0 0 1136 3082; baseline 0 2"><span class='ocrx_word' id='word_1_221' title='bbox 0 0 1136 3082; x_wconf 95' lang='lat' dir='ltr'> </span> 
     </span>
    </p>
   </div>
  </div>
 </body>
</html>
