2280 3088
240 219 290 272 rra
447 218 480 270 a.
508 217 666 272 sunam
694 187 885 270 sennenn
939 179 947 192 “

300 336 400 374 suan.
419 320 488 440 Spes
497 321 584 383 milla,
594 326 701 372 tantum
711 335 791 386 pesse
801 320 878 372 leniri
888 321 1005 389 malum

299 392 426 457 Finisque
457 391 551 440 ammis
562 389 649 440 nullus
658 391 759 442 meanis
771 389 831 440 erit.
934 437 937 440 .

300 461 435 511 Terretur
445 464 525 510 aestu
532 459 633 518 maim,
644 463 673 508 et
682 458 803 508 inclusus
812 473 932 524 qusque,

300 529 428 590 Quamvis
438 532 562 594 tegatur,
573 525 698 592 proditur
708 526 783 576 vultu
794 525 884 585 lmen

239 597 290 649 365
302 597 426 662 Erumpit
440 595 525 645 oculis
535 595 618 662 ignis,
631 600 659 645 ct
667 595 760 660 lapsae
771 609 858 660 genae

302 665 405 716 Lucem
416 672 552 716 recusant.
587 661 660 712 Nibil
670 663 741 722 idem
752 663 851 714 dubiae
860 662 962 729 placet,

299 737 434 799 Artusque
444 733 611 782 rarieiactat
620 731 833 782 incertusdnlor.

198 801 210 828 ⁰
300 801 378 852 Nunc
386 837 392 861 ,
400 807 431 851 ut
441 800 530 850 soluto
537 837 545 862 ‚
554 799 667 862 labitur,
678 801 796 850 moriens
807 797 903 866 gradu,

300 871 337 922 Et
342 871 387 919 rix
397 869 506 919 labante
516 869 631 918 sustinet
642 869 712 919 collo
726 873 823 933 caput;

240 941 291 992 310
301 937 379 990 Nunc
390 952 419 988 se
430 937 512 1003 quieti
524 937 627 998 reddit,
637 942 667 990 et
678 937 765 988 somni
777 937 920 986 immemor

300 1005 416 1068 Noctem
427 1005 542 1072 querelis
554 1004 637 1056 ducit.
671 1005 765 1056 Attulli
774 1005 858 1065 iubet,

300 1075 456 1140 lterumquc
467 1075 546 1140 poni,
562 1088 674 1138 corpus;
686 1078 714 1122 et
724 1073 792 1123 solvi
803 1087 905 1133 consus,

300 1143 456 1208 Rursusque
468 1141 541 1208 lingi.
577 1139 692 1206 Semper
701 1143 845 1207 impatiens
856 1139 898 1192 sui

301 1213 426 1262 Mutatur
437 1208 554 1260 babitus.
590 1208 671 1259 Nulla
679 1211 733 1260 iam
746 1211 852 1260 Cereris
862 1209 935 1260 subit

242 1281 292 1332 3ἵὸ
304 1281 389 1340 Cura,
401 1283 448 1328 aut
458 1267 561 1328 s'alutis.
597 1277 682 1328 Vadit
690 1280 797 1328 incerte
808 1277 888 1344 pede,

301 1349 359 1398 lam
371 1345 472 1397 viribus
484 1344 600 1398 defecta.
636 1345 697 1398 Nun
707 1347 779 1397 idem
789 1349 876 1413 rigor,

301 1415 363 1467 Non
375 1430 423 1465 ora
433 1416 540 1481 tingens
551 1413 637 1464 nitida
647 1430 798 1480 purpureus
810 1413 906 1464 rubor:
988 1467 991 1472 ,

259 1488 266 1503 ’
300 1484 452 1550 Populatur
463 1488 537 1533 artus
550 1498 628 1546 cura;
639 1485 692 1533 iam
703 1499 813 1550 gressus
824 1487 944 1534 tremunt

303 1554 446 1618 'l'enerque
458 1552 535 1601 nitidi
547 1553 668 1616 corporis
679 1551 780 1604 cecidit
789 1552 885 1614 dec0r3

241 1621 292 1672 380
304 1622 352 1682 Et,
364 1622 409 1686 qui
419 1619 544 1670 ferebant
554 1621 632 1687 signa
643 1619 788 1671 Phoebeae
798 1619 876 1681 facis,

300 1689 380 1740 Oculi
390 1688 455 1740 nibil
466 1689 566 1756 gentile
577 1704 628 1738 nec
639 1690 755 1755 patrium
766 1691 876 1739 micant

299 1757 444 1809 Lacrimae
456 1759 556 1808 cadunt
567 1773 616 1824 per
627 1773 689 1819 cra,
700 1763 728 1808 et
738 1757 851 1807 adsiduo
862 1772 950 1824 genae

302 1827 374 1876 Rure
384 1827 544 1893 irrigantur,
556 1826 672 1892 qualiter
683 1827 768 1876 Tauri
779 1827 849 1892 iugis

300 1895 407 1960 Tepido
420 1895 581 1944 madescunt
591 1894 677 1944 imbre
687 1909 834 1960 percussae
845 1894 928 1944 nives.

239 1963 289 2014 385
302 1961 369 2022 Sed,
381 1977 428 2024 en,
440 1957 585 2027 patescunt
595 1965 687 2029 regiae
697 1961 819 2030 fastigia!

299 2030 418 2080 Reclinis
427 2031 488 2095 ipsa
500 2030 571 2082 sedis
582 2038 695 2082 auratae
706 2038 768 2094 turp

301 2097 403 2149 Solitos
414 2099 528 2149 amictus
539 2106 631 2150 mente
641 2115 693 2150 nun
706 2113 773 2150 sana
784 2097 885 2148 abnuit.
1020 2151 1023 2162 ,ι

301 2179 353 2216 rrr.
365 2167 513 2218 Removete
521 2167 666 2230 ,lanrulae,
674 2163 1039 2234 purpuraatqueauroiuitm

300 2233 413 2285 Vestes!
435 2235 530 2300 procul
543 2237 577 2292 sit
588 2239 697 2288 muricis
708 2237 787 2302 Tyrii
796 2235 889 2296 ruber,
962 2271 965 2277 ,
1128 2229 1129 2244 ¹

240 2302 291 2354 390
303 2303 380 2364 Quae
392 2303 437 2352 iila
447 2305 528 2354 ramis
540 2305 624 2354 ultimi
638 2304 718 2356 Seres
729 2305 835 2372 leguntz
882 2319 885 2326 ·

300 2371 397 2422 Brevis
409 2371 551 2437 expeditos
562 2389 633 2424 zona
644 2376 814 2442 constringat
824 2373 906 2423 sinus.

301 2440 398 2490 Cervix
409 2441 498 2490 monili
511 2457 611 2505 vacua;
623 2457 673 2492 nec
684 2443 777 2494 niveus
787 2441 857 2508 lapis

300 2507 428 2559 Deducat
437 2525 530 2572 aures,
540 2511 624 2560 lndici
636 2511 736 2562 donum
747 2511 838 2560 maris.

300 2577 393 2628 Odere
404 2578 485 2628 crinis
496 2595 607 2645 sparsus
617 2581 730 2645 Assyrio
741 2585 834 2630 vacet:

240 2643 292 2696 395
305 2644 350 2696 Sic
361 2654 463 2698 temere
471 2648 563 2698 iactae
575 2649 645 2698 colla
655 2648 818 2714 perfundant
829 2661 925 2698 cumae

300 2714 491 2782 Humerusque
503 2731 636 2781 summus;
647 2717 771 2768 cursibus
782 2721 873 2768 motae
885 2715 945 2766 citis
