2262 3082
275 146 555 232 enecuissnn.
590 183 676 234 nor.
696 185 717 236 1.
855 185 890 238 er

85 276 116 328 ln
128 277 210 344 plant
219 277 324 332 tcadiai
345 281 424 334 vado.
460 283 613 349 Praerupta
624 285 746 352 adpaiiss

86 345 148 396 Non
159 346 253 409 obsto,
265 351 313 400 aad
324 349 468 416 praecedo.
506 353 608 412 Quouis
619 361 695 406 utere

86 415 165 465 Duce
176 415 232 466 me!
254 419 368 470 Duobus
377 421 465 471 onus
476 421 585 487 eligitur
595 422 647 471 via.
853 425 887 475 65

86 485 181 534 Perire
192 484 249 536 aina
260 503 304 538 nie
316 503 368 538 noc
381 496 473 554 poter,
486 505 592 541 niueum
602 498 689 555 poteo

85 553 139 602 Hic
151 552 206 601 alta
217 569 298 621 rupea
310 557 395 608 arduo
406 561 492 625 surgit
502 560 582 625 iugo,

86 619 253 690 spectatque
265 626 345 691 iunge
356 628 446 692 spatia
454 628 569 677 subiecti
581 629 677 690 niaris3

87 696 135 747 Vis
147 693 217 744 hanc
229 694 368 759 petannst
390 693 485 746 Nudus
495 695 539 745 hic.
551 696 651 760 pendet
660 697 737 750 cilex.

84 767 139 818 Hie
150 765 236 814 scissa
246 763 325 814 telius
336 762 462 814 saucibua
472 766 558 831 ruptis
570 763 641 826 hiat3
853 767 887 816 ta

84 835 134 886 Via
145 831 216 884 hanc
227 831 367 898 petanrusi
383 833 436 882 iiic
446 847 532 898 rapax
543 839 649 884 terrena
662 833 749 896 cadit,

84 905 235 968 Partesque
245 902 314 966 iapai
323 902 422 951 muntia
434 915 530 952 exesas
540 907 629 964 rotat;

83 975 114 1024 ln
124 971 197 1022 hunc
207 985 326 1020 ruamus.
362 968 435 1018 Dum
445 971 532 1035 prior,
545 985 598 1036 quo
609 972 663 1033 vis,
676 985 724 1035 eo;
756 1009 759 1016 .

83 1041 145 1092 Non
156 1041 302 1106 deprecor,
313 1053 366 1088 non
378 1036 481 1088 hortor.
517 1039 645 1105 Extingui
657 1041 747 1105 cupis,

82 1111 253 1175 votumque,
264 1109 384 1174 genitor,
395 1109 542 1160 maximum
554 1121 627 1158 mors
639 1115 681 1159 eat
691 1107 757 1160 tibi!
851 1109 884 1159 u

83 1177 251 1238 sinereris,
263 1175 410 1238 anteced03
422 1177 444 1226 ai
456 1177 538 1236 vivia,
547 1191 655 1242 aequor.

82 1247 137 1300 Sed
147 1245 227 1296 ileete
240 1241 371 1304 mentem,
383 1251 478 1309 peetus
489 1246 627 1310 antiquum
639 1245 758 1306 advoca,

82 1316 230 1381 Victorque
242 1329 340 1380 niagno
350 1313 448 1364 robore
461 1329 604 1364 aerumnas
615 1312 707 1364 doma!

81 1385 202 1434 Resiste:
214 1384 297 1432 tantia
308 1384 334 1432 in
346 1383 423 1432 maiis
435 1384 505 1432 vinci
515 1383 586 1432 niori
595 1389 645 1432 eat.

81 1466 180 1502 oreore.
192 1451 300 1502 Undein
312 1450 430 1501 nefanda
439 1452 576 1515 specimen
589 1452 728 1518 egregium
739 1449 838 1501 domoi
850 1452 884 1501 80

80 1522 157 1573 Unde
168 1522 222 1570 ista
232 1520 406 1586 generivirgo
417 1519 551 1569 dissimilia
562 1517 629 1568 suoi

78 1592 211 1649 Fortuna,
224 1586 330 1638 credisi
350 1589 445 1654 aliquis
457 1591 499 1638 e'st
511 1603 545 1638 ex
556 1603 598 1638 nie
609 1589 678 1654 uiua.

78 1659 142 1710 Non
154 1663 227 1708 eaaet
237 1673 355 1723 unquam
367 1656 438 1718 (iata
447 1657 517 1708 bene
529 1658 590 1706 novi
602 1661 690 1720 nica),

78 1728 139 1778 Nisi
150 1733 181 1776 ut
192 1732 313 1776 noceret.
350 1727 413 1792 ipsa
423 1741 454 1775 ae
463 1727 491 1774 in
502 1725 576 1791 legen*
587 1729 680 1774 novas'

77 1796 187 1848 Natura
196 1800 296 1856 vertet,
309 1800 418 1860 regeret
426 1795 453 1842 in
465 1793 569 1842 iontem
581 1795 649 1842 citas
671 1800 672 1803 ’
850 1795 882 1848 85

77 1865 229 1916 Revoiutus
240 1862 325 1914 undae
336 1864 436 1923 amnis,
447 1867 475 1912 et
485 1867 594 1912 noctem
606 1859 713 1912 adferet

76 1933 209 1984 Phoebea
219 1933 336 1998 lampae,
347 1932 487 1997 Hesperus
498 1929 583 1982 faciet
594 1929 673 1980 diem.

76 2005 115 2053 Ut
126 2001 161 2052 ad
172 2003 295 2052 miserias
301 2001 402 2068 aliquid
413 2000 529 2050 accedat
539 2015 627 2062 meaa,

75 2071 119 2122 Pii
132 2085 239 2137 quoque
251 2071 359 2124 erirnua.
396 2070 482 2121 Unica
493 2069 652 2134 Oedipodae
664 2074 706 2120 eat
714 2069 790 2121 aedua

75 2139 140 2191 Non
150 2154 209 2190 esee
220 2139 343 2190 salvum·
368 2137 467 2188 Liceat
476 2139 569 2188 uiciaci
581 2143 686 2203 patrem
847 2139 881 2188 90

75 2206 171 2260 Adhuc
181 2207 312 2258 inuitunu
338 2207 456 2267 Dextra,
469 2207 533 2274 quid
542 2222 635 2258 cassas
644 2208 717 2258 inere

74 2278 193 2343 Exigere
204 2274 325 2341 poenae?
346 2275 482 2342 Quidquid
494 2282 620 2326 exactum
632 2281 675 2326 est
685 2275 786 2338 adhuc,

74 2347 160 2398 Matri
172 2345 279 2397 dedisti
314 2345 395 2394 Mitte
405 2345 538 2410 genitoris
547 2349 658 2394 manuni

74 2415 205 2464 Animosa
214 2415 305 2480 uirgo:
316 2412 397 2463 iunus
406 2412 531 2464 exteddia
543 2415 647 2473 meunt,

74 2482 241 2550 Longosque
252 2483 305 2531 vivi
324 2481 401 2532 duci'a
412 2481 540 2548 exequiae
552 2482 646 2546 patria.
742 2507 744 2514 ·
845 2482 879 2534 95

75 2551 225 2617 Aliquando
236 2556 312 2600 terra
322 2565 420 2616 corpus
431 2551 545 2599 inrisum
558 2547 633 2616 tege!
849 2583 851 2588 -

75 2621 182 2672 Peccae
191 2618 308 2670 honesta
316 2623 420 2680 rnentec
431 2619 562 2684 pietatem
573 2632 678 2678 coenes

74 2689 191 2740 Patrem
198 2687 362 2756 insepultum
372 2685 493 2738 traicere.
515 2687 518 2694 ⁴
529 2685 583 2746 Qui
594 2686 669 2750 'cogit
678 2688 747 2737 mori
