<?xml version="1.0" encoding="UTF-8"?>
<!DOCTYPE html PUBLIC "-//W3C//DTD XHTML 1.0 Transitional//EN"
    "http://www.w3.org/TR/xhtml1/DTD/xhtml1-transitional.dtd">
<html xmlns="http://www.w3.org/1999/xhtml" xml:lang="en" lang="en">
 <head>
  <title>
</title>
<meta http-equiv="Content-Type" content="text/html;charset=utf-8" />
  <meta name='ocr-system' content='tesseract 3.04.00' />
  <meta name='ocr-capabilities' content='ocr_page ocr_carea ocr_par ocr_line ocrx_word'/>
</head>
<body>
  <div class='ocr_page' id='page_1' title='image "./lannaeisenecaet02senegoog_0377.png"; bbox 0 0 2134 3088; ppageno 0'>
   <div class='ocr_carea' id='block_1_1' title="bbox 192 305 819 376">
    <p class='ocr_par' dir='ltr' id='par_1_1' title="bbox 192 305 819 376">
     <span class='ocr_line' id='line_1_1' title="bbox 192 305 819 376; baseline -0.003 -14"><span class='ocrx_word' id='word_1_1' title='bbox 192 307 243 362; x_wconf 74' lang='lat' dir='ltr'><strong>arc</strong></span> <span class='ocrx_word' id='word_1_2' title='bbox 356 307 408 376; x_wconf 82' lang='lat' dir='ltr'><strong>[L.</strong></span> <span class='ocrx_word' id='word_1_3' title='bbox 437 307 592 359; x_wconf 76' lang='lat' dir='ltr'><strong>sunsei</strong></span> <span class='ocrx_word' id='word_1_4' title='bbox 611 305 819 376; x_wconf 75' lang='lat' dir='ltr'><strong>sennenn]</strong></span> 
     </span>
    </p>
   </div>
   <div class='ocr_carea' id='block_1_2' title="bbox 190 411 924 1370">
    <p class='ocr_par' dir='ltr' id='par_1_2' title="bbox 190 411 924 1370">
     <span class='ocr_line' id='line_1_2' title="bbox 251 411 872 480; baseline -0.002 -17"><span class='ocrx_word' id='word_1_5' title='bbox 251 411 310 463; x_wconf 83' lang='lat' dir='ltr'><strong>Fax</strong></span> <span class='ocrx_word' id='word_1_6' title='bbox 319 411 378 473; x_wconf 89' lang='lat' dir='ltr'><strong>illa,</strong></span> <span class='ocrx_word' id='word_1_7' title='bbox 391 427 471 478; x_wconf 90' lang='lat' dir='ltr'><strong>quam</strong></span> <span class='ocrx_word' id='word_1_8' title='bbox 484 417 579 462; x_wconf 83' lang='lat' dir='ltr'><strong>secuta</strong></span> <span class='ocrx_word' id='word_1_9' title='bbox 589 427 632 474; x_wconf 89' lang='lat' dir='ltr'><strong>es,</strong></span> <span class='ocrx_word' id='word_1_10' title='bbox 643 413 781 480; x_wconf 80' lang='lat' dir='ltr'><strong>Augustae</strong></span> <span class='ocrx_word' id='word_1_11' title='bbox 792 427 872 462; x_wconf 84' lang='lat' dir='ltr'><strong>manu</strong></span> 
     </span>
     <span class='ocr_line' id='line_1_3' title="bbox 251 481 787 542; baseline 0.004 -12"><span class='ocrx_word' id='word_1_12' title='bbox 251 481 392 542; x_wconf 80' lang='lat' dir='ltr'><strong>Praelata,</strong></span> <span class='ocrx_word' id='word_1_13' title='bbox 405 481 506 530; x_wconf 84' lang='lat' dir='ltr'><strong>clarum</strong></span> <span class='ocrx_word' id='word_1_14' title='bbox 518 495 615 530; x_wconf 88' lang='lat' dir='ltr'><strong>nomen</strong></span> <span class='ocrx_word' id='word_1_15' title='bbox 626 481 727 530; x_wconf 80' lang='lat' dir='ltr'><strong>invidia</strong></span> <span class='ocrx_word' id='word_1_16' title='bbox 737 482 787 532; x_wconf 85' lang='lat' dir='ltr'><strong>tibi</strong></span> 
     </span>
     <span class='ocr_line' id='line_1_4' title="bbox 250 548 830 600; baseline -0.003 0"><span class='ocrx_word' id='word_1_17' title='bbox 250 549 364 600; x_wconf 80' lang='lat' dir='ltr'><strong>Parrum</strong></span> <span class='ocrx_word' id='word_1_18' title='bbox 376 551 523 599; x_wconf 62' lang='lat' dir='ltr'><strong>ominatos·</strong></span> <span class='ocrx_word' id='word_1_19' title='bbox 532 548 650 599; x_wconf 84' lang='lat' dir='ltr'><strong>lnlerurn</strong></span> <span class='ocrx_word' id='word_1_20' title='bbox 661 550 740 600; x_wconf 85' lang='lat' dir='ltr'><strong>sedes</strong></span> <span class='ocrx_word' id='word_1_21' title='bbox 753 555 830 600; x_wconf 87' lang='lat' dir='ltr'><strong>toros</strong></span> 
     </span>
     <span class='ocr_line' id='line_1_5' title="bbox 252 615 873 682; baseline 0.002 -14"><span class='ocrx_word' id='word_1_22' title='bbox 252 615 370 668; x_wconf 85' lang='lat' dir='ltr'><strong>Stobiles</strong></span> <span class='ocrx_word' id='word_1_23' title='bbox 381 617 489 667; x_wconf 84' lang='lat' dir='ltr'><strong>futuros</strong></span> <span class='ocrx_word' id='word_1_24' title='bbox 501 618 618 682; x_wconf 78' lang='lat' dir='ltr'><strong>spondet</strong></span> <span class='ocrx_word' id='word_1_25' title='bbox 628 626 757 668; x_wconf 80' lang='lat' dir='ltr'><strong>aeternae</strong></span> <span class='ocrx_word' id='word_1_26' title='bbox 769 619 873 669; x_wconf 82' lang='lat' dir='ltr'><strong>doorus.</strong></span> 
     </span>
     <span class='ocr_line' id='line_1_6' title="bbox 190 686 894 752; baseline -0.006 -14"><span class='ocrx_word' id='word_1_27' title='bbox 190 686 242 738; x_wconf 71' lang='grc'><strong>755</strong></span> <span class='ocrx_word' id='word_1_28' title='bbox 251 687 347 752; x_wconf 82' lang='lat' dir='ltr'><strong>lugulo</strong></span> <span class='ocrx_word' id='word_1_29' title='bbox 358 686 429 752; x_wconf 89' lang='lat' dir='ltr'><strong>quod</strong></span> <span class='ocrx_word' id='word_1_30' title='bbox 441 700 532 736; x_wconf 89' lang='lat' dir='ltr'><strong>ensem</strong></span> <span class='ocrx_word' id='word_1_31' title='bbox 544 686 665 735; x_wconf 81' lang='lat' dir='ltr'><strong>condidit</strong></span> <span class='ocrx_word' id='word_1_32' title='bbox 676 687 806 752; x_wconf 77' lang='lat' dir='ltr'><strong>Princeps</strong></span> <span class='ocrx_word' id='word_1_33' title='bbox 816 692 894 735; x_wconf 80' lang='lat' dir='ltr'><strong>tuus:</strong></span> 
     </span>
     <span class='ocr_line' id='line_1_7' title="bbox 251 753 901 820; baseline -0.003 -14"><span class='ocrx_word' id='word_1_34' title='bbox 251 755 330 806; x_wconf 87' lang='lat' dir='ltr'><strong>Bella</strong></span> <span class='ocrx_word' id='word_1_35' title='bbox 338 753 410 804; x_wconf 82' lang='lat' dir='ltr'><strong>houd</strong></span> <span class='ocrx_word' id='word_1_36' title='bbox 421 755 554 814; x_wconf 79' lang='lat' dir='ltr'><strong>monebit,</strong></span> <span class='ocrx_word' id='word_1_37' title='bbox 565 767 633 819; x_wconf 88' lang='lat' dir='ltr'><strong>pace</strong></span> <span class='ocrx_word' id='word_1_38' title='bbox 645 755 692 804; x_wconf 90' lang='lat' dir='ltr'><strong>sed</strong></span> <span class='ocrx_word' id='word_1_39' title='bbox 703 755 805 806; x_wconf 84' lang='lat' dir='ltr'><strong>ferrum</strong></span> <span class='ocrx_word' id='word_1_40' title='bbox 817 759 901 820; x_wconf 84' lang='lat' dir='ltr'><strong>teget.</strong></span> 
     </span>
     <span class='ocr_line' id='line_1_8' title="bbox 251 823 909 890; baseline -0.003 -16"><span class='ocrx_word' id='word_1_41' title='bbox 251 823 391 890; x_wconf 83' lang='lat' dir='ltr'><strong>Recollige</strong></span> <span class='ocrx_word' id='word_1_42' title='bbox 402 823 533 884; x_wconf 81' lang='lat' dir='ltr'><strong>enimum3</strong></span> <span class='ocrx_word' id='word_1_43' title='bbox 545 825 636 888; x_wconf 80' lang='lat' dir='ltr'>recipe</span> <span class='ocrx_word' id='word_1_44' title='bbox 647 823 792 884; x_wconf 79' lang='lat' dir='ltr'><strong>laetitiam,</strong></span> <span class='ocrx_word' id='word_1_45' title='bbox 804 835 909 888; x_wconf 81' lang='lat' dir='ltr'><strong>precor,</strong></span> 
     </span>
     <span class='ocr_line' id='line_1_9' title="bbox 252 889 811 956; baseline -0.002 -14"><span class='ocrx_word' id='word_1_46' title='bbox 252 893 364 942; x_wconf 81' lang='lat' dir='ltr'><strong>Timore</strong></span> <span class='ocrx_word' id='word_1_47' title='bbox 375 890 464 956; x_wconf 90' lang='lat' dir='ltr'><strong>pulso!</strong></span> <span class='ocrx_word' id='word_1_48' title='bbox 477 890 560 940; x_wconf 92' lang='lat' dir='ltr'><strong>redde</strong></span> <span class='ocrx_word' id='word_1_49' title='bbox 572 897 600 940; x_wconf 88' lang='lat' dir='ltr'><strong>te</strong></span> <span class='ocrx_word' id='word_1_50' title='bbox 610 890 735 941; x_wconf 81' lang='lat' dir='ltr'><strong>thalamis</strong></span> <span class='ocrx_word' id='word_1_51' title='bbox 745 889 811 941; x_wconf 82' lang='lat' dir='ltr'><strong>tuis!</strong></span> 
     </span>
     <span class='ocr_line' id='line_1_10' title="bbox 252 958 924 1026; baseline 0 -16"><span class='ocrx_word' id='word_1_52' title='bbox 252 973 293 1010; x_wconf 88' lang='lat' dir='ltr'><strong>ro</strong></span> <span class='ocrx_word' id='word_1_53' title='bbox 301 974 325 1009; x_wconf 83' lang='lat' dir='ltr'><strong>r.</strong></span> <span class='ocrx_word' id='word_1_54' title='bbox 339 958 459 1009; x_wconf 80' lang='lat' dir='ltr'><strong>Delubra</strong></span> <span class='ocrx_word' id='word_1_55' title='bbox 470 965 498 1008; x_wconf 86' lang='lat' dir='ltr'><strong>et</strong></span> <span class='ocrx_word' id='word_1_56' title='bbox 508 974 570 1008; x_wconf 83' lang='lat' dir='ltr'><strong>aras</strong></span> <span class='ocrx_word' id='word_1_57' title='bbox 580 967 674 1026; x_wconf 89' lang='lat' dir='ltr'><strong>petere</strong></span> <span class='ocrx_word' id='word_1_58' title='bbox 686 961 814 1010; x_wconf 89' lang='lat' dir='ltr'><strong>constitui</strong></span> <span class='ocrx_word' id='word_1_59' title='bbox 824 973 924 1018; x_wconf 83' lang='lat' dir='ltr'><strong>sacras,</strong></span> 
     </span>
     <span class='ocr_line' id='line_1_11' title="bbox 191 1027 771 1090; baseline -0.003 -10"><span class='ocrx_word' id='word_1_60' title='bbox 191 1029 243 1080; x_wconf 78' lang='lat'><strong>&#39;16⁰</strong></span> <span class='ocrx_word' id='word_1_61' title='bbox 254 1029 348 1080; x_wconf 86' lang='lat' dir='ltr'><strong>Caesis</strong></span> <span class='ocrx_word' id='word_1_62' title='bbox 358 1027 437 1077; x_wconf 88' lang='lat' dir='ltr'><strong>litare</strong></span> <span class='ocrx_word' id='word_1_63' title='bbox 447 1029 562 1077; x_wconf 83' lang='lat' dir='ltr'><strong>victimis</strong></span> <span class='ocrx_word' id='word_1_64' title='bbox 574 1043 670 1078; x_wconf 89' lang='lat' dir='ltr'><strong>numen</strong></span> <span class='ocrx_word' id='word_1_65' title='bbox 682 1029 771 1090; x_wconf 88' lang='lat' dir='ltr'><strong>deum,</strong></span> 
     </span>
     <span class='ocr_line' id='line_1_12' title="bbox 253 1097 788 1162; baseline 0.002 -16"><span class='ocrx_word' id='word_1_66' title='bbox 253 1098 290 1146; x_wconf 89' lang='lat' dir='ltr'><strong>Ut</strong></span> <span class='ocrx_word' id='word_1_67' title='bbox 300 1097 445 1162; x_wconf 82' lang='lat' dir='ltr'><strong>expientur</strong></span> <span class='ocrx_word' id='word_1_68' title='bbox 456 1097 543 1146; x_wconf 84' lang='lat' dir='ltr'><strong>noetis</strong></span> <span class='ocrx_word' id='word_1_69' title='bbox 554 1102 582 1146; x_wconf 90' lang='lat' dir='ltr'><strong>et</strong></span> <span class='ocrx_word' id='word_1_70' title='bbox 593 1099 678 1148; x_wconf 82' lang='lat' dir='ltr'><strong>sonrni</strong></span> <span class='ocrx_word' id='word_1_71' title='bbox 690 1098 788 1158; x_wconf 83' lang='lat' dir='ltr'><strong>minae,</strong></span> 
     </span>
     <span class='ocr_line' id='line_1_13' title="bbox 252 1163 899 1232; baseline -0.002 -16"><span class='ocrx_word' id='word_1_72' title='bbox 252 1167 411 1232; x_wconf 83' lang='lat' dir='ltr'><strong>Terrorque</strong></span> <span class='ocrx_word' id='word_1_73' title='bbox 422 1165 449 1214; x_wconf 93' lang='lat' dir='ltr'><strong>in</strong></span> <span class='ocrx_word' id='word_1_74' title='bbox 461 1163 555 1215; x_wconf 86' lang='lat' dir='ltr'><strong>hostes</strong></span> <span class='ocrx_word' id='word_1_75' title='bbox 566 1166 661 1216; x_wconf 88' lang='lat' dir='ltr'><strong>redeat</strong></span> <span class='ocrx_word' id='word_1_76' title='bbox 672 1167 804 1216; x_wconf 75' lang='lat' dir='ltr'><strong>attonitus</strong></span> <span class='ocrx_word' id='word_1_77' title='bbox 814 1178 899 1215; x_wconf 85' lang='lat' dir='ltr'><strong>meos.</strong></span> 
     </span>
     <span class='ocr_line' id='line_1_14' title="bbox 252 1234 848 1302; baseline 0 -18"><span class='ocrx_word' id='word_1_78' title='bbox 252 1235 290 1284; x_wconf 82' lang='lat' dir='ltr'><strong>Et</strong></span> <span class='ocrx_word' id='word_1_79' title='bbox 300 1240 364 1284; x_wconf 81' lang='lat' dir='ltr'><strong>voto</strong></span> <span class='ocrx_word' id='word_1_80' title='bbox 374 1249 424 1302; x_wconf 92' lang='lat' dir='ltr'><strong>pro</strong></span> <span class='ocrx_word' id='word_1_81' title='bbox 436 1249 479 1284; x_wconf 91' lang='lat' dir='ltr'><strong>me</strong></span> <span class='ocrx_word' id='word_1_82' title='bbox 489 1235 610 1299; x_wconf 75' lang='lat' dir='ltr'><strong>suscipe,</strong></span> <span class='ocrx_word' id='word_1_83' title='bbox 623 1242 651 1286; x_wconf 88' lang='lat' dir='ltr'><strong>et</strong></span> <span class='ocrx_word' id='word_1_84' title='bbox 661 1234 787 1300; x_wconf 78' lang='lat' dir='ltr'><strong>precibus</strong></span> <span class='ocrx_word' id='word_1_85' title='bbox 797 1234 848 1300; x_wconf 87' lang='lat' dir='ltr'><strong>piis</strong></span> 
     </span>
     <span class='ocr_line' id='line_1_15' title="bbox 253 1299 865 1370; baseline 0 -18"><span class='ocrx_word' id='word_1_86' title='bbox 253 1299 373 1370; x_wconf 86' lang='lat' dir='ltr'><strong>Superos</strong></span> <span class='ocrx_word' id='word_1_87' title='bbox 384 1302 482 1365; x_wconf 78' lang='lat' dir='ltr'><strong>adora,</strong></span> <span class='ocrx_word' id='word_1_88' title='bbox 494 1310 586 1354; x_wconf 86' lang='lat' dir='ltr'><strong>manet</strong></span> <span class='ocrx_word' id='word_1_89' title='bbox 596 1311 627 1354; x_wconf 92' lang='lat' dir='ltr'><strong>ut</strong></span> <span class='ocrx_word' id='word_1_90' title='bbox 637 1319 765 1370; x_wconf 84' lang='lat' dir='ltr'><strong>praesens</strong></span> <span class='ocrx_word' id='word_1_91' title='bbox 776 1307 865 1354; x_wconf 82' lang='lat' dir='ltr'><strong>metus</strong></span> 
     </span>
    </p>
   </div>
   <div class='ocr_carea' id='block_1_3' title="bbox 159 1428 685 1500">
    <p class='ocr_par' dir='ltr' id='par_1_3' title="bbox 159 1428 685 1500">
     <span class='ocr_line' id='line_1_16' title="bbox 159 1428 685 1500; baseline 0 0"><span class='ocrx_word' id='word_1_92' title='bbox 159 1428 174 1458; x_wconf 80' lang='lat'>⁸</span> <span class='ocrx_word' id='word_1_93' title='bbox 500 1455 685 1500; x_wconf 68' lang='lat' dir='ltr'><strong>cuorum</strong></span> 
     </span>
    </p>
   </div>
   <div class='ocr_carea' id='block_1_4' title="bbox 250 1552 689 1610">
    <p class='ocr_par' dir='ltr' id='par_1_4' title="bbox 250 1552 689 1610">
     <span class='ocr_line' id='line_1_17' title="bbox 250 1552 689 1610; baseline 0.005 -14"><span class='ocrx_word' id='word_1_94' title='bbox 250 1552 344 1598; x_wconf 77' lang='lat' dir='ltr'><strong>Laudat</strong></span> <span class='ocrx_word' id='word_1_95' title='bbox 355 1553 438 1598; x_wconf 71' lang='lat' dir='ltr'><strong>Clinno</strong></span> <span class='ocrx_word' id='word_1_96' title='bbox 447 1553 571 1609; x_wconf 75' lang='lat' dir='ltr'><strong>Poppaeae</strong></span> <span class='ocrx_word' id='word_1_97' title='bbox 575 1553 689 1610; x_wconf 78' lang='lat' dir='ltr'><strong>formam</strong></span> 
     </span>
    </p>
   </div>
   <div class='ocr_carea' id='block_1_5' title="bbox 195 1641 867 2664">
    <p class='ocr_par' dir='ltr' id='par_1_5' title="bbox 195 1641 867 1985">
     <span class='ocr_line' id='line_1_18' title="bbox 195 1641 705 1712; baseline 0.006 -20"><span class='ocrx_word' id='word_1_98' title='bbox 195 1641 248 1696; x_wconf 77' lang='lat'><strong>&#39;165</strong></span> <span class='ocrx_word' id='word_1_99' title='bbox 260 1641 289 1693; x_wconf 90' lang='lat' dir='ltr'><strong>Si</strong></span> <span class='ocrx_word' id='word_1_100' title='bbox 298 1659 363 1694; x_wconf 82' lang='lat' dir='ltr'><strong>vere</strong></span> <span class='ocrx_word' id='word_1_101' title='bbox 374 1644 474 1712; x_wconf 82' lang='lat' dir='ltr'><strong>loquax</strong></span> <span class='ocrx_word' id='word_1_102' title='bbox 484 1643 558 1694; x_wconf 80' lang='lat' dir='ltr'><strong>ieme</strong></span> <span class='ocrx_word' id='word_1_103' title='bbox 570 1645 705 1695; x_wconf 66' lang='lat' dir='ltr'><strong>&#39;sonantis</strong></span> 
     </span>
     <span class='ocr_line' id='line_1_19' title="bbox 255 1711 716 1780; baseline 0.004 -18"><span class='ocrx_word' id='word_1_104' title='bbox 255 1711 342 1762; x_wconf 89' lang='lat' dir='ltr'><strong>Furta</strong></span> <span class='ocrx_word' id='word_1_105' title='bbox 354 1719 381 1762; x_wconf 90' lang='lat' dir='ltr'><strong>et</strong></span> <span class='ocrx_word' id='word_1_106' title='bbox 390 1720 484 1780; x_wconf 82' lang='lat' dir='ltr'><strong>gratos</strong></span> <span class='ocrx_word' id='word_1_107' title='bbox 494 1718 589 1762; x_wconf 83' lang='lat' dir='ltr'><strong>narrat</strong></span> <span class='ocrx_word' id='word_1_108' title='bbox 599 1727 716 1774; x_wconf 82' lang='lat' dir='ltr'><strong>amores,</strong></span> 
     </span>
     <span class='ocr_line' id='line_1_20' title="bbox 257 1781 867 1846; baseline 0.007 -17"><span class='ocrx_word' id='word_1_109' title='bbox 257 1781 343 1841; x_wconf 79' lang='lat' dir='ltr'><strong>Quem</strong></span> <span class='ocrx_word' id='word_1_110' title='bbox 356 1782 438 1831; x_wconf 89' lang='lat' dir='ltr'><strong>modo</strong></span> <span class='ocrx_word' id='word_1_111' title='bbox 449 1781 543 1832; x_wconf 90' lang='lat' dir='ltr'><strong>Ledae</strong></span> <span class='ocrx_word' id='word_1_112' title='bbox 554 1783 684 1846; x_wconf 82' lang='lat' dir='ltr'><strong>pressisse</strong></span> <span class='ocrx_word' id='word_1_113' title='bbox 693 1783 781 1832; x_wconf 87' lang='lat' dir='ltr'><strong>sinum</strong></span> <span class='ocrx_word' id='word_1_114' title='bbox 853 1793 867 1805; x_wconf 83' lang='lat'><strong>·</strong></span> 
     </span>
     <span class='ocr_line' id='line_1_21' title="bbox 262 1848 760 1917; baseline 0.006 -20"><span class='ocrx_word' id='word_1_115' title='bbox 262 1848 379 1900; x_wconf 86' lang='lat' dir='ltr'><strong>Tectum</strong></span> <span class='ocrx_word' id='word_1_116' title='bbox 392 1851 487 1916; x_wconf 89' lang='lat' dir='ltr'><strong>plumis</strong></span> <span class='ocrx_word' id='word_1_117' title='bbox 498 1851 645 1917; x_wconf 85' lang='lat' dir='ltr'><strong>pennisque</strong></span> <span class='ocrx_word' id='word_1_118' title='bbox 656 1849 760 1914; x_wconf 85' lang='lat' dir='ltr'><strong>lerunt3</strong></span> 
     </span>
     <span class='ocr_line' id='line_1_22' title="bbox 256 1917 770 1985; baseline 0.004 -19"><span class='ocrx_word' id='word_1_119' title='bbox 256 1917 342 1968; x_wconf 88' lang='lat' dir='ltr'><strong>Modo</strong></span> <span class='ocrx_word' id='word_1_120' title='bbox 354 1933 403 1984; x_wconf 91' lang='lat' dir='ltr'><strong>per</strong></span> <span class='ocrx_word' id='word_1_121' title='bbox 412 1918 512 1968; x_wconf 86' lang='lat' dir='ltr'><strong>lluctus</strong></span> <span class='ocrx_word' id='word_1_122' title='bbox 522 1925 629 1984; x_wconf 87' lang='lat' dir='ltr'><strong>raptam</strong></span> <span class='ocrx_word' id='word_1_123' title='bbox 641 1919 770 1985; x_wconf 85' lang='lat' dir='ltr'><strong>Europen</strong></span> 
     </span>
    </p>

    <p class='ocr_par' dir='ltr' id='par_1_6' title="bbox 196 1985 769 2326">
     <span class='ocr_line' id='line_1_23' title="bbox 196 1985 734 2054; baseline 0.009 -21"><span class='ocrx_word' id='word_1_124' title='bbox 196 1985 247 2034; x_wconf 74' lang='lat' dir='ltr'><strong>tw</strong></span> <span class='ocrx_word' id='word_1_125' title='bbox 258 1985 379 2036; x_wconf 85' lang='lat' dir='ltr'><strong>Taurum</strong></span> <span class='ocrx_word' id='word_1_126' title='bbox 391 1993 469 2054; x_wconf 83' lang='lat' dir='ltr'><strong>tergo</strong></span> <span class='ocrx_word' id='word_1_127' title='bbox 480 1993 605 2054; x_wconf 89' lang='lat' dir='ltr'><strong>portasse</strong></span> <span class='ocrx_word' id='word_1_128' title='bbox 615 1993 734 2038; x_wconf 77' lang='lat' dir='ltr'><strong>trucemr</strong></span> 
     </span>
     <span class='ocr_line' id='line_1_24' title="bbox 258 2054 769 2122; baseline 0.008 -19"><span class='ocrx_word' id='word_1_129' title='bbox 258 2054 336 2114; x_wconf 75' lang='lat' dir='ltr'><strong>Quae</strong></span> <span class='ocrx_word' id='word_1_130' title='bbox 347 2058 430 2122; x_wconf 82' lang='lat' dir='ltr'><strong>regit,</strong></span> <span class='ocrx_word' id='word_1_131' title='bbox 442 2062 471 2107; x_wconf 86' lang='lat' dir='ltr'><strong>et</strong></span> <span class='ocrx_word' id='word_1_132' title='bbox 481 2071 551 2106; x_wconf 90' lang='lat' dir='ltr'><strong>nunc</strong></span> <span class='ocrx_word' id='word_1_133' title='bbox 562 2055 670 2106; x_wconf 86' lang='lat' dir='ltr'><strong>deseret</strong></span> <span class='ocrx_word' id='word_1_134' title='bbox 681 2062 769 2120; x_wconf 82' lang='lat' dir='ltr'><strong>astre3</strong></span> 
     </span>
     <span class='ocr_line' id='line_1_25' title="bbox 257 2121 740 2190; baseline 0.006 -18"><span class='ocrx_word' id='word_1_135' title='bbox 257 2121 338 2174; x_wconf 88' lang='lat' dir='ltr'><strong>Petet</strong></span> <span class='ocrx_word' id='word_1_136' title='bbox 349 2125 501 2190; x_wconf 84' lang='lat' dir='ltr'><strong>amplexus,</strong></span> <span class='ocrx_word' id='word_1_137' title='bbox 513 2124 657 2189; x_wconf 80' lang='lat' dir='ltr'><strong>Poppaea,</strong></span> <span class='ocrx_word' id='word_1_138' title='bbox 667 2129 740 2188; x_wconf 88' lang='lat' dir='ltr'><strong>tuos,</strong></span> 
     </span>
     <span class='ocr_line' id='line_1_26' title="bbox 259 2190 740 2259; baseline 0.01 -20"><span class='ocrx_word' id='word_1_139' title='bbox 259 2190 334 2250; x_wconf 71' lang='lat' dir='ltr'><strong>Quos</strong></span> <span class='ocrx_word' id='word_1_140' title='bbox 346 2199 374 2242; x_wconf 88' lang='lat' dir='ltr'><strong>et</strong></span> <span class='ocrx_word' id='word_1_141' title='bbox 384 2193 477 2244; x_wconf 87' lang='lat' dir='ltr'><strong>Ledae</strong></span> <span class='ocrx_word' id='word_1_142' title='bbox 489 2191 628 2259; x_wconf 82' lang='lat' dir='ltr'><strong>praeferre</strong></span> <span class='ocrx_word' id='word_1_143' title='bbox 639 2199 740 2258; x_wconf 83' lang='lat' dir='ltr'><strong>potest,</strong></span> 
     </span>
     <span class='ocr_line' id='line_1_27' title="bbox 256 2259 689 2326; baseline 0.005 -18"><span class='ocrx_word' id='word_1_144' title='bbox 256 2259 294 2308; x_wconf 84' lang='lat' dir='ltr'><strong>Et</strong></span> <span class='ocrx_word' id='word_1_145' title='bbox 303 2260 366 2321; x_wconf 92' lang='lat' dir='ltr'><strong>tibi,</strong></span> <span class='ocrx_word' id='word_1_146' title='bbox 379 2262 513 2326; x_wconf 80' lang='lat' dir='ltr'><strong>quondam</strong></span> <span class='ocrx_word' id='word_1_147' title='bbox 525 2263 566 2310; x_wconf 90' lang='lat' dir='ltr'><strong>cui</strong></span> <span class='ocrx_word' id='word_1_148' title='bbox 580 2263 689 2310; x_wconf 89' lang='lat' dir='ltr'><strong>miranti</strong></span> 
     </span>
    </p>

    <p class='ocr_par' dir='ltr' id='par_1_7' title="bbox 196 2326 793 2664">
     <span class='ocr_line' id='line_1_28' title="bbox 196 2326 693 2390; baseline 0.004 -14"><span class='ocrx_word' id='word_1_149' title='bbox 196 2326 248 2377; x_wconf 67' lang='lat'><strong>¹175</strong></span> <span class='ocrx_word' id='word_1_150' title='bbox 259 2326 358 2389; x_wconf 83' lang='lat' dir='ltr'><strong>Fulvo,</strong></span> <span class='ocrx_word' id='word_1_151' title='bbox 371 2327 481 2390; x_wconf 75' lang='lat' dir='ltr'><strong>Danae,</strong></span> <span class='ocrx_word' id='word_1_152' title='bbox 492 2329 571 2379; x_wconf 83' lang='lat' dir='ltr'><strong>fluxit</strong></span> <span class='ocrx_word' id='word_1_153' title='bbox 580 2331 607 2379; x_wconf 86' lang='lat' dir='ltr'><strong>in</strong></span> <span class='ocrx_word' id='word_1_154' title='bbox 617 2344 693 2379; x_wconf 85' lang='lat' dir='ltr'><strong>auro.</strong></span> 
     </span>
     <span class='ocr_line' id='line_1_29' title="bbox 257 2395 722 2461; baseline 0.004 -15"><span class='ocrx_word' id='word_1_155' title='bbox 257 2396 385 2446; x_wconf 83' lang='lat' dir='ltr'><strong>Formam</strong></span> <span class='ocrx_word' id='word_1_156' title='bbox 395 2395 492 2461; x_wconf 85' lang='lat' dir='ltr'><strong>Sparte</strong></span> <span class='ocrx_word' id='word_1_157' title='bbox 503 2401 588 2448; x_wconf 87' lang='lat' dir='ltr'><strong>iactet</strong></span> <span class='ocrx_word' id='word_1_158' title='bbox 598 2398 722 2448; x_wconf 83' lang='lat' dir='ltr'><strong>alumnae</strong></span> 
     </span>
     <span class='ocr_line' id='line_1_30' title="bbox 257 2463 793 2532; baseline 0.004 -18"><span class='ocrx_word' id='word_1_159' title='bbox 257 2465 351 2526; x_wconf 85' lang='lat' dir='ltr'><strong>Licet,</strong></span> <span class='ocrx_word' id='word_1_160' title='bbox 362 2471 391 2515; x_wconf 88' lang='lat' dir='ltr'><strong>et</strong></span> <span class='ocrx_word' id='word_1_161' title='bbox 402 2463 539 2532; x_wconf 79' lang='lat' dir='ltr'><strong>Phrygius</strong></span> <span class='ocrx_word' id='word_1_162' title='bbox 551 2468 673 2531; x_wconf 86' lang='lat' dir='ltr'><strong>praemia</strong></span> <span class='ocrx_word' id='word_1_163' title='bbox 683 2471 793 2532; x_wconf 79' lang='lat' dir='ltr'><strong>postorr</strong></span> 
     </span>
     <span class='ocr_line' id='line_1_31' title="bbox 257 2532 732 2599; baseline 0.006 -17"><span class='ocrx_word' id='word_1_164' title='bbox 257 2533 359 2582; x_wconf 85' lang='lat' dir='ltr'><strong>Vincet</strong></span> <span class='ocrx_word' id='word_1_165' title='bbox 368 2533 457 2584; x_wconf 85' lang='lat' dir='ltr'><strong>vultus</strong></span> <span class='ocrx_word' id='word_1_166' title='bbox 469 2532 536 2584; x_wconf 85' lang='lat' dir='ltr'><strong>haec</strong></span> <span class='ocrx_word' id='word_1_167' title='bbox 548 2535 732 2599; x_wconf 77' lang='lat' dir='ltr'><strong>Tyndaridos,</strong></span> 
     </span>
     <span class='ocr_line' id='line_1_32' title="bbox 259 2598 674 2664; baseline 0.019 -18"><span class='ocrx_word' id='word_1_168' title='bbox 259 2598 311 2658; x_wconf 71' lang='lat' dir='ltr'><strong>Qui</strong></span> <span class='ocrx_word' id='word_1_169' title='bbox 323 2608 465 2650; x_wconf 86' lang='lat' dir='ltr'><strong>moverunt</strong></span> <span class='ocrx_word' id='word_1_170' title='bbox 475 2600 585 2652; x_wconf 87' lang='lat' dir='ltr'><strong>horrida</strong></span> <span class='ocrx_word' id='word_1_171' title='bbox 595 2603 674 2664; x_wconf 81' lang='lat' dir='ltr'><strong>bella,</strong></span> 
     </span>
    </p>
   </div>
   <div class='ocr_carea' id='block_1_6' title="bbox 198 2663 738 2871">
    <p class='ocr_par' dir='ltr' id='par_1_8' title="bbox 198 2663 738 2871">
     <span class='ocr_line' id='line_1_33' title="bbox 198 2663 733 2736; baseline 0.022 -26"><span class='ocrx_word' id='word_1_172' title='bbox 198 2663 249 2713; x_wconf 71' lang='lat'><strong>&#39;18⁰</strong></span> <span class='ocrx_word' id='word_1_173' title='bbox 260 2663 450 2734; x_wconf 77' lang='lat' dir='ltr'><strong>Phrygiaeque</strong></span> <span class='ocrx_word' id='word_1_174' title='bbox 461 2669 520 2718; x_wconf 87' lang='lat' dir='ltr'><strong>solo</strong></span> <span class='ocrx_word' id='word_1_175' title='bbox 530 2685 615 2736; x_wconf 79' lang='lat' dir='ltr'><strong>regna</strong></span> <span class='ocrx_word' id='word_1_176' title='bbox 625 2671 733 2722; x_wconf 82' lang='lat' dir='ltr'><strong>dedere.</strong></span> 
     </span>
     <span class='ocr_line' id='line_1_34' title="bbox 260 2728 695 2800; baseline 0.023 -22"><span class='ocrx_word' id='word_1_177' title='bbox 260 2728 314 2780; x_wconf 85' lang='lat' dir='ltr'><strong>Sed</strong></span> <span class='ocrx_word' id='word_1_178' title='bbox 325 2736 383 2798; x_wconf 88' lang='lat' dir='ltr'><strong>quis</strong></span> <span class='ocrx_word' id='word_1_179' title='bbox 394 2751 489 2800; x_wconf 85' lang='lat' dir='ltr'><strong>gressu</strong></span> <span class='ocrx_word' id='word_1_180' title='bbox 502 2739 556 2786; x_wconf 89' lang='lat' dir='ltr'><strong>ruit</strong></span> <span class='ocrx_word' id='word_1_181' title='bbox 567 2741 695 2800; x_wconf 76' lang='lat' dir='ltr'><strong>attonito,</strong></span> 
     </span>
     <span class='ocr_line' id='line_1_35' title="bbox 263 2797 738 2871; baseline 0.025 -27"><span class='ocrx_word' id='word_1_182' title='bbox 263 2797 313 2846; x_wconf 75' lang='lat' dir='ltr'><strong>tut</strong></span> <span class='ocrx_word' id='word_1_183' title='bbox 323 2801 386 2864; x_wconf 88' lang='lat' dir='ltr'><strong>quid</strong></span> <span class='ocrx_word' id='word_1_184' title='bbox 397 2810 509 2866; x_wconf 91' lang='lat' dir='ltr'><strong>pectore</strong></span> <span class='ocrx_word' id='word_1_185' title='bbox 520 2812 613 2871; x_wconf 84' lang='lat' dir='ltr'><strong>portat</strong></span> <span class='ocrx_word' id='word_1_186' title='bbox 622 2805 738 2859; x_wconf 72' lang='lat' dir='ltr'><strong>anhelo!</strong></span> 
     </span>
    </p>
   </div>
   <div class='ocr_carea' id='block_1_7' title="bbox 0 0 1072 3088">
    <p class='ocr_par' dir='ltr' id='par_1_9' title="bbox 0 0 1072 3088">
     <span class='ocr_line' id='line_1_36' title="bbox 0 0 1072 3088; baseline 0 5"><span class='ocrx_word' id='word_1_187' title='bbox 0 0 1072 3088; x_wconf 95' lang='lat' dir='ltr'><strong> </strong></span> 
     </span>
    </p>
   </div>
  </div>
 </body>
</html>
