2134 3088
225 181 274 230 318
421 175 454 224 L.
489 173 645 228 ANNAEl
664 169 858 222 SENECAE

224 283 400 333 littonias.
413 276 500 328 Nemo
512 290 613 326 nocens
624 275 676 325 sibi
687 275 744 340 ipse
757 289 866 338 poenes
880 275 1011 343 abnegat

284 345 1034 408 normMultisr·eniissaestvita‚quorumerror-nocens

284 416 344 466 Non
357 415 466 474 dextra,
477 413 574 464 suerat.
609 413 682 462 Fata
692 412 750 477 quis
760 410 881 460 damnat
893 411 969 462 sual

284 498 401 534 usinu.
415 483 539 548 Quinque
550 480 609 530 fata
619 482 711 546 iniqua
722 481 852 540 sortitus,
866 479 959 546 fugit.

285 566 385 602 noun.
396 553 449 601 llie
461 552 519 615 ipsc
531 551 662 615 Megaren
673 563 770 612 nempe
783 549 933 600 confixam
946 551 1003 601 suis

225 623 275 673 995
289 621 391 672 Stravit
402 620 508 685 sagittis
519 624 601 684 atque
610 623 735 668 natorum
746 615 881 679 indolem,

285 691 413 740 Lernaea
423 689 508 753 figens
517 687 573 737 tela
582 684 728 736 furibunda
738 697 829 735 manu.

286 760 344 808 'l'er
354 757 490 822 parricida
500 755 589 804 factus
600 754 705 820 ignovit
715 759 806 802 tamen

288 825 357 877 Sibi:
371 841 432 875 nam
443 824 543 874 furoris
554 821 631 872 fonte
641 819 775 886 Cinyphio
786 820 881 872 scelus

288 894 344 945 Sub
356 909 407 944 axe
419 893 525 957 Libyco
537 892 628 952 tersit,
641 897 669 940 et
680 889 804 939 dextram
817 889 921 940 abluit.

229 965 280 1016 eto
293 965 367 1024 Quo,
380 963 491 1021 misera,
504 958 611 1026 pergis?
631 958 696 1024 quid
707 963 768 1006 tuas
779 957 901 1010 daninas
913 961 1027 1012 manus!

289 1046 308 1081 n
316 1045 406 1080 arax.
417 1030 538 1080 Damnat
549 1042 623 1078 meas
634 1027 756 1078 devictus
767 1025 880 1077 Alcides
892 1044 1009 1081 niwus:

289 1100 384 1149 Placet
393 1099 482 1148 scelus
495 1097 598 1161 punire.
617 1109 634 1144 x
642 1110 659 1144 u
668 1109 719 1144 aa.
731 1094 759 1144 Si
771 1096 834 1144 novi
846 1097 1020 1150 Herculem:

290 1167 384 1217 Aderit
395 1167 500 1216 cruenti
510 1164 625 1214 forsitan
635 1165 724 1213 victor
734 1162 807 1223 mali,

290 1235 430 1300 Dolorque
441 1233 545 1284 fractus
557 1232 636 1283 cedet
646 1231 756 1282 Alcidae
767 1237 825 1280 tuo.

232 1304 282 1356 915
294 1301 409 1352 n’e1nx.
424 1303 522 1352 Exedit
533 1308 608 1350 artus
623 1301 709 1361 virus,
720 1299 835 1350 utfama
850 1304 912 1361 est,
927 1298 1038 1366 hydrae,

293 1373 428 1422 lnrniensa
439 1372 522 1437 pestis
535 1371 656 1435 coniugis
667 1368 790 1420 menibra
800 1367 929 1418 abstulit.
1049 1367 1050 1372 ’

293 1455 311 1490 x
320 1455 336 1490 u
344 1455 361 1488 r
369 1455 395 1490 a.
407 1439 549 1505 Serpentis
559 1439 597 1488 illi
608 1440 681 1488 virus
693 1443 806 1488 enectae
815 1441 956 1488 autumas
1049 1427 1050 1477 l

296 1509 375 1559 Haud
387 1523 468 1574 posse
479 1506 563 1566 vinci,
575 1507 619 1572 qui
631 1506 729 1556 nialuxn
742 1511 770 1555 et
781 1505 873 1554 vivunt
885 1505 976 1558 tulitt

293 1578 374 1627 Elisit
384 1575 513 1641 hydram,
524 1575 604 1625 deute
616 1590 677 1624 cuni
688 1575 772 1624 infixo
783 1572 863 1623 stetit

234 1646 284 1696 929
297 1645 390 1696 Media
400 1643 512 1710 palude,
523 1645 624 1704 victor,
634 1643 722 1694 effuso
733 1643 847 1692 obrutus

292 1717 373 1765 Artos
384 1727 497 1764 veneno.
535 1711 651 1778 Sanguis
662 1709 734 1762 hunc
746 1709 825 1760 Nessi
837 1712 998 1775 opprimet,

294 1785 346 1844 Qui
357 1784 422 1833 vicit
431 1783 506 1846 ipsas
518 1778 643 1830 horridas
654 1779 734 1830 Nessi
746 1776 858 1829 manuel

292 1865 408 1902 oaxen.
421 1851 534 1900 Frustra
545 1853 654 1898 tenetur
664 1849 724 1910 ille,
735 1850 780 1913 qui
792 1847 892 1896 statuit
902 1853 991 1900 mori.

292 1920 411 1970 Proinde
421 1919 510 1968 lucem
520 1917 616 1983 fugere
626 1916 765 1967 decretum
778 1923 819 1964 est
831 1912 907 1964 mihi.

232 1988 283 2038 ⁹25
295 1988 371 2040 Vixit
380 1989 460 2048 satis,
471 1989 623 2053 quicunque
636 2000 697 2036 cum
708 1985 800 2034 Alcide
812 1983 926 2034 occidit.

294 2071 393 2106 nuru.
406 2057 459 2106 Per
470 2055 519 2106 has
532 2055 616 2104 aniles
627 2053 705 2105 ecce!
728 2062 756 2103 tc
766 2051 881 2117 supplex
894 2067 1008 2114 comas,

292 2127 379 2191 Atque
390 2125 475 2174 ubera
484 2125 539 2174 ista
549 2139 636 2189 paene
647 2129 772 2172 materna
782 2121 913 2170 obsecro:

293 2194 409 2258 Depone
420 2194 538 2242 tumidas
549 2193 670 2257 pectoris
682 2191 749 2242 laesi
760 2191 856 2250 minas,

292 2262 445 2328 Mortisque
458 2261 532 2310 dirae
545 2261 649 2325 expelle
661 2261 802 2310 decretum
815 2255 976 2308 horridum!

233 2330 284 2383 939
296 2343 411 2380 ossan.
425 2329 585 2394 Quicunque
597 2331 696 2379 misero
714 2326 787 2377 forte
803 2323 951 2376 dissuadet
968 2329 1043 2380 mori.

292 2399 414 2450 Crudelis
425 2397 469 2448 ille
481 2403 530 2448 est.
567 2397 678 2448 lnterini
690 2411 780 2462 poena
790 2399 833 2445 eet
843 2393 924 2454 mori,

293 2467 347 2519 Sed
360 2483 443 2532 saepe
454 2467 566 2516 donum:
579 2466 700 2530 plun'bus
710 2464 790 2515 venia
799 2460 896 2512 obfuit.

294 2549 392 2584 nura.
403 2533 528 2584 Defende
540 2533 635 2582 saltem
648 2535 802 2592 dexteram,
814 2527 923 2588 infelix,
937 2537 1032 2596 tuani;
1048 2537 1049 2578 l

294 2602 462 2666 Fraudisque
473 2601 578 2650 facinus
590 2615 664 2661 esse,
675 2616 729 2650 non
740 2604 856 2663 nuptae,
868 2598 972 2650 sciant.
1048 2599 1049 2652 i

235 2667 285 2716 935
297 2682 316 2716 n
325 2681 414 2716 sinu.
426 2667 565 2717 Defendar
578 2667 645 2716 illic:
657 2667 740 2720 lnferi
753 2666 896 2718 absolvent
907 2680 1009 2734 ream3
1048 2665 1049 2699 l
