2274 3086
324 209 478 260 Munna.
512 208 593 258 ACT
622 207 654 260 V.
842 209 893 263 258

93 310 163 372 Quid
174 326 245 360 nunc
255 312 384 372 moraris,
397 308 502 360 animal
523 309 587 376 quid
598 309 721 362 dubitaui
740 313 832 365 Potes.

93 382 149 430 lam
162 380 260 431 cecidit
269 381 318 430 ira.
355 379 482 428 Poenitet
493 377 574 439 iacti,
585 378 677 443 pudet.

94 449 176 510 Quid,
189 450 299 508 misera,
311 446 380 498 lecit
401 448 516 507 Misera,
527 448 668 512 poeniteat
678 448 750 511 licet,

92 516 170 568 Feci!
183 545 215 554 —
228 516 365 580 Voluptas
376 530 474 581 magna
485 530 527 564 me
539 516 649 564 inritam
660 516 741 580 subit,
843 519 894 568 080

93 587 142 648 Et,
154 601 233 646 ecce,
245 581 354 634 crescit¹
375 583 478 633 Deerat
490 582 543 633 hoc
554 599 636 632 unum
647 583 720 647 mihi,

95 653 242 720 Spectator
251 654 311 702 iste.
348 651 420 701 Nihil
432 650 521 702 adhuc
531 651 634 701 lactum
644 667 720 703 reor·

96 721 231 786 Quidquid
243 721 298 770 sine
310 721 364 770 isto
375 720 489 770 fecimus
500 717 623 780 sceleris,
636 723 715 786 perit.

95 803 159 840 ins.
170 791 227 849 En,
237 790 297 854 ipsa
307 790 373 838 tecti
386 795 464 854 parte
476 789 617 854 praecipiti
628 791 761 841 imminet!

95 860 158 909 Huc
169 859 259 924 rapiat
268 858 345 922 ignes
356 857 464 923 aliquis,
476 863 507 905 ut
518 855 632 907 llammis
643 858 726 908 cadat
844 860 894 912 98⁵

96 926 158 978 Suis
169 925 293 992 perusta!
315 939 357 974 ns:
365 939 393 973 o.
406 926 529 991 Congere
541 930 690 976 extremum
702 930 757 978 tuis

98 995 208 1057 Gnatis,
220 995 315 1054 lason,
326 993 418 1054 sunus,
433 1007 466 1042 ac
477 993 609 1042 tumulum
620 999 708 1045 strue:

5 1119 6 1124 ,
96 1065 201 1115 Coniux
212 1077 345 1129 socerque
354 1064 427 1112 iusta
437 1063 490 1112 iam
502 1060 602 1111 functis
613 1060 723 1126 habent,

96 1134 117 1182 A
128 1147 172 1182 me
182 1132 288 1198 sepulti.
327 1131 432 1182 Gnatus
444 1129 487 1180 liic
498 1130 583 1180 latum
594 1131 668 1194 tulit3

96 1203 149 1252 llic
160 1205 188 1250 te
197 1200 305 1251 ridente
318 1199 426 1249 dabitur
437 1201 520 1248 exitio
532 1200 599 1264 pari.
846 1204 897 1255 990

97 1283 160 1321 ms.
172 1269 226 1319 Per
236 1284 334 1318 numen
346 1282 438 1330 omne,
449 1283 551 1334 perque
563 1283 719 1320 communes
729 1269 818 1338 fugas,

97 1339 254 1404 'rorosque‚
266 1353 333 1403 quos
345 1352 399 1386 non
410 1344 505 1387 nostra
515 1337 627 1386 violarit
637 1337 715 1400 fides,

5 1441 6 1444 =
96 1409 154 1457 lam
164 1421 246 1472 parce
257 1404 335 1455 natol
359 1404 387 1454 Si
399 1406 472 1470 quod
483 1411 524 1454 est
537 1406 651 1466 crimen,
662 1421 751 1457 meum
762 1417 816 1460 est:

4 1511 5 1514 κ
96 1477 143 1526 Me
155 1475 224 1525 dedo
236 1475 331 1536 morti;
343 1474 452 1522 noxium
464 1478 555 1522 macta
567 1472 659 1537 caput!

99 1557 176 1594 nen.
188 1544 258 1602 Hac,
271 1555 448 1607 quarecusas‚
460 1540 603 1607 quadoles,
610 1540 710 1592 ferrum
718 1543 832 1611 exigam!
848 1545 898 1598 995

98 1614 110 1662 l
121 1625 205 1672 nuno,
216 1609 346 1674 superbe,
357 1609 489 1675 virginum
502 1607 637 1659 thalamos
648 1608 723 1676 petel

97 1679 228 1745 Relinque
240 1675 354 1727 matresl
375 1691 438 1726 rae.
450 1678 523 1726 Unus
535 1683 577 1727 est
587 1692 691 1742 poenae
703 1681 778 1729 satis.

98 1762 141 1798 nn
149 1761 175 1796 n.
187 1745 216 1796 Si
227 1751 321 1812 posset
332 1760 385 1794 una
396 1745 479 1794 caede
490 1747 584 1795 satiari
594 1761 703 1794 uranus:

98 1816 205 1868 Nullam
218 1815 339 1880 petisset.
375 1813 411 1862 Ut
422 1813 489 1862 duos
501 1813 643 1878 perimam:
655 1818 745 1864 tamen

98 1885 218 1936 Nimium
230 1888 272 1933 est
285 1881 371 1932 dolori
382 1896 509 1932 numerus
520 1886 649 1948 angustus
663 1897 732 1932 mco.
831 1887 899 1936 1000

98 1955 129 2004 ln
140 1959 227 2003 metra
237 1952 260 2000 si
272 1950 344 2017 quod
355 1951 451 2016 pignus
463 1952 607 2001 etiamnum
620 1949 696 2013 latet,

99 2021 251 2072 Scrutabor
261 2034 325 2070 ense
335 2020 454 2080 viscera,
466 2027 494 2069 et
503 2018 577 2068 ferro
590 2017 740 2070 extraham.

98 2105 131 2140 rs
139 2103 161 2140 s.
174 2091 230 2139 lam
243 2103 343 2154 perage
354 2093 480 2153 coeptum
492 2086 597 2138 facinus
608 2085 692 2148 (haud
702 2089 900 2156 ultraprecom)

97 2161 259 2226 Moramque
270 2157 366 2208 saltem
377 2157 506 2222 supplicis
517 2156 590 2206 dona
600 2158 676 2206 meis.

98 2241 175 2278 nso.
187 2225 332 2278 Perfruere
344 2226 540 2286 lentoscelere3
554 2241 587 2276 ne
597 2239 723 2290 propera,
730 2225 820 2277 dolor!
832 2228 899 2277 1005

97 2292 176 2347 Meus
188 2295 246 2347 dies
258 2302 311 2346 est:
327 2301 451 2360 tempore
462 2301 576 2360 accepto
587 2295 695 2344 utimur.

98 2378 162 2414 sne.
173 2363 284 2426 infesta,
295 2371 395 2415 memet
407 2363 521 2429 perime!
535 2377 612 2412 nno.
623 2363 749 2412 Misereri
758 2363 842 2414 iubes.

98 2433 174 2482 Bene
186 2439 239 2482 est:
253 2440 392 2498 peractum
404 2438 453 2482 est.
472 2432 555 2482 Plura
566 2445 619 2482 uon
630 2427 723 2491 habui,
735 2430 822 2493 dolor,

99 2503 177 2562 Quae
188 2501 235 2549 tibi
246 2501 361 2553 litarem.
397 2501 514 2551 Lumina
524 2499 578 2550 huo
588 2499 694 2549 tumida
704 2498 809 2561 adlevn,

100 2570 210 2635 lngrato
221 2567 313 2619 lasonl
336 2571 482 2635 coniugem
495 2571 620 2636 agnoscis
631 2565 723 2618 tuaml
833 2568 901 2617 1010

102 2637 148 2688 Sic
159 2635 253 2702 lugere
264 2639 352 2689 soleo:
364 2641 452 2705 patuit
462 2640 488 2687 in
501 2637 605 2687 coelum
617 2637 674 2686 ria:

103 2705 256 2774 squamosa
267 2709 366 2774 gemini
377 2707 446 2757 colla
457 2712 597 2772 serpentes
607 2707 673 2772 iugo
