2280 3088
448 403 842 470 ARGUMENTUM.

299 555 421 598 (irrorante
436 554 524 597 Thebis
536 555 585 596 stira
594 554 727 608 pestilentia
741 556 838 597 mittitur
851 554 955 610 Delphos
966 557 1040 600 Creon

243 609 384 654 uomiturus
400 609 537 664 apollinem.
557 609 648 658 Refert,
663 611 801 663 expiantem
815 611 866 652 Laii
877 621 954 653 necem
970 613 1041 654 iuter-

242 667 336 710 fertoris
345 663 425 707 exilio.
446 666 490 713 Qui
501 679 549 706 enm
559 667 712 716 ignoraretur,
724 659 835 714 Tiresias,
846 666 931 708 frustra
941 667 1040 721 extispi-

243 725 278 764 cia
287 734 416 773 aggressus,
431 732 473 774 per
487 720 661 762 necromantiam
672 719 722 762 Laii
733 721 811 762 umbra
821 726 913 763 evocata
922 721 1040 774 intelligit,

241 779 315 832 ipsum
330 789 380 818 esse
390 788 463 827 rerem
474 775 592 828 Oedipum.
607 773 683 827 Negat
696 775 791 828 primum
802 773 849 824 ille,
859 777 899 818 sert
909 778 1040 829 postrartis-

242 834 332 885 quirens
341 833 441 879 invenit,
451 843 475 872 se
485 829 556 872 tilium
566 843 616 872 esse
626 830 688 879 Laii,
700 843 764 884 quem
774 831 933 878 interfecerat.
944 837 967 873 et
976 832 1039 874 lora·

241 892 296 936 stae,
307 900 373 940 quam
382 899 477 928 uxorem
488 887 591 928 duxerat.
611 885 712 929 Effussis
720 887 796 939 itaque
806 899 861 939 prae
876 887 962 940 pudore
972 891 1039 941 atque

241 944 276 982 ira
286 939 357 983 oculis
366 943 389 982 in
400 937 495 982 exilium
505 937 563 989 stit,
574 945 597 982 et
606 939 696 982 Iocasta
706 939 781 994 gladio
791 954 815 986 se
826 941 936 983 confodit.

500 1072 782 1082 ——-·——-—-——-

362 1224 523 1289 ALIUD
555 1223 924 1290 ARGUMEN'PUM

447 1339 677 1396 mosomum
702 1338 829 1397 uuum,

284 1478 353 1520 Laius
363 1481 412 1519 erat
423 1478 472 1519 duri
483 1478 598 1532 periturus
607 1476 700 1519 vnlnere
710 1479 768 1527 nati,

282 1535 315 1577 th
325 1538 397 1576 sortes
406 1537 481 1574 vatum
492 1532 609 1574 etPhoebi
620 1546 728 1586 responsa
738 1530 855 1575 canebant.

283 1589 312 1631 ld
322 1593 423 1630 metuens
433 1601 527 1642 puerum
537 1588 609 1641 primo
620 1588 649 1628 sie
659 1594 730 1628 matre
739 1589 858 1632 eudentem

285 1643 442 1687 Condemnsnr
452 1641 514 1684 iubet
523 1644 635 1684 umbrosis
645 1655 760 1696 exponere
771 1642 842 1684 silvis.

256 1703 269 1740 5
286 1699 344 1742 Fata
353 1701 438 1742 invicta
448 1700 548 1746 manent,
558 1698 682 1740 Parcarum
691 1697 814 1740 immobilis
824 1697 879 1742 ordo
889 1702 934 1741 est.

284 1755 409 1802 Infantem,
420 1758 445 1795 ut
455 1753 587 1807 perhibent.
598 1753 627 1794 ad
637 1754 724 1794 moenia
734 1751 795 1795 cels'a
806 1753 911 1796 corinthi

284 1809 339 1852 Sors
349 1811 438 1852 infensa
447 1809 512 1858 tulit,
523 1807 595 1860 regali
604 1811 628 1850 et
637 1809 691 1850 sede
701 1807 796 1860 locavit,

285 1863 423 1914 ineuntem,
434 1865 645 1919 pergens-scitatum
656 1864 747 1906 oracula
755 1865 855 1915 Phoebi,

285 1920 353 1964 Unde
363 1933 433 1971 genus
448 1921 525 1967 ineat,
537 1920 587 1970 quis
598 1919 684 1971 primus
694 1922 810 1971 sauguinis
819 1923 909 1971 uuotor,

243 1978 269 2015 ro
283 1974 368 2016 lneiriit
378 1975 401 2015 in
411 1979 509 2028 patrem,
520 1986 585 2024 quem
595 1974 674 2014 funere
684 1977 765 2016 mersit
773 1976 855 2018 acerbo

284 2029 383 2077 laenius,
394 2035 417 2070 et
427 2027 521 2069 Thebas
530 2027 629 2068 violento
640 2029 713 2069 Marte
724 2029 820 2079 subegit.

283 2083 388 2136 Iungitur
397 2084 460 2126 eece!
472 2082 546 2124 nefas:
556 2080 668 2126 thalamos
677 2095 772 2136 namque
781 2082 822 2125 ille
832 2087 935 2138 parentis

284 2138 381 2186 Invasit,
392 2139 497 2193 proprios
507 2138 589 2178 iterum
599 2135 714 2178 revolutus
729 2139 752 2179 in
763 2141 832 2181 ortus.

286 2193 348 2235 iisse
356 2195 395 2235 ubi
405 2191 494 2235 fatidici
505 2193 634 2233 oeoiuernnt
645 2193 739 2234 crimina
747 2195 821 2238 veteru

246 2251 270 2288 15
287 2248 330 2290 Hie
339 2245 408 2290 latuit
418 2247 494 2289 densis
504 2247 586 2288 effosso
597 2244 681 2288 lumine
692 2245 768 2298 silvis;

285 2302 316 2344 At
325 2304 426 2355 genitrix
437 2305 512 2345 tantos
521 2303 596 2344 finivit
605 2306 676 2344 morte
687 2301 785 2346 dolores.
