2134 3088
206 149 257 202 2⁶8
363 151 414 218 [is.
449 152 606 210 niuniel
626 153 833 229 SENECAE]

265 253 410 320 plebisque
421 256 505 318 rotis,
516 261 597 322 atque
608 257 737 310 iudiciuin
748 269 855 326 patrum
865 269 915 318 est,

205 322 256 374 490
267 323 310 371 'l'u
321 325 396 388 pacis
407 331 513 384 auetur,
533 327 641 390 generis
652 325 762 380 humani
773 331 886 395 arbiter,

264 391 388 453 Electus3
399 393 492 444 orbem
504 397 532 442 tu
544 409 623 444 sacra
634 399 725 461 specie
735 401 817 465 regis,

264 460 373 511 Patriae
384 475 494 526 parens3
507 462 578 528 quud
589 475 686 516 nenton
699 471 729 516 ut
739 481 832 522 serves
841 471 918 534 petit,

264 527 388 595 Suosque
400 531 472 580 cives
483 529 570 584 Ruina
580 533 753 584 commendat
764 535 821 586 tibi.

252 592 362 646 'nune
382 595 480 647 Munus
495 598 606 648 deorum
619 605 674 662 est,
690 602 750 667 ipsa
761 604 927 670 quodservit
941 605 1005 660 inihi

202 666 253 716 105
266 665 353 716 Roma
363 671 390 716 et
401 664 531 730 Senatus3
542 668 666 734 quodque
678 671 711 719 ab
724 672 813 723 invitis
824 689 918 738 preces

160 741 168 758 ⁸
262 735 438 800 Huntilesque
448 750 531 786 voces
543 738 670 801 exprimit
679 743 869 792 nostrimetus.

264 801 378 853 Servare
389 805 460 853 cives
470 805 583 870 principi
596 812 623 856 et
635 809 739 870 patriae
751 824 856 875 gravissu

264 872 345 937 ciam
357 877 491 922 tumentes
503 889 616 939 genere,
630 891 699 940 quae
711 875 850 928 dementia
859 884 909 940 est,

264 942 329 989 Cum
341 940 423 990 liceat
433 957 488 992 una
496 955 564 992 voce
574 950 716 1008 suspectos
728 945 779 996 sibi

204 1009 255 1058 500
264 1009 336 1060 Muri
347 1008 457 1060 iubere?
467 1011 568 1060 Brutus
578 1011 604 1060 in
616 1013 822 1077 circumducis,

263 1079 283 1127 Α
296 1093 348 1144 quo
359 1077 475 1130 salutem
486 1079 598 1140 tulerint,
609 1083 726 1132 aruiavit
737 1097 839 1135 uranus.

264 1147 382 1196 Invictus
393 1148 465 1208 acie,
477 1149 596 1214 gentium
609 1149 740 1211 domitor,
753 1152 810 1202 iovi

262 1213 400 1280 Aequitius
411 1215 481 1265 altos
493 1231 575 1281 saepe
586 1232 635 1282 per
645 1216 777 1268 hunorum
788 1219 897 1286 gradus,

267 1284 367 1332 Caesar
377 1281 495 1334 nefando
508 1287 604 1334 civium
616 1287 718 1337 sceiere
729 1289 837 1338 oceidit.
904 1318 909 1322 -

204 1351 254 1401 505
269 1351 404 1412 Quantum
417 1354 520 1402 cruoris
531 1354 618 1403 Roma
628 1360 691 1404 tuuc
703 1355 769 1406 vidit
779 1357 830 1418 sui,

264 1421 401 1470 Lacerata
411 1421 505 1472 toties!
515 1422 576 1484 ilie,
590 1425 633 1488 qui
646 1425 744 1474 meruit
755 1426 800 1490 pia

264 1488 373 1540 Virtute
386 1490 504 1551 coelum,
516 1490 592 1541 divus
603 1492 752 1558 Augustus,
763 1494 836 1545 vires

265 1558 486 1618 Quotintereniit
498 1559 614 1620 nubiles,
625 1561 749 1622 iuvenes,
759 1577 849 1624 senes,

263 1625 380 1691 Sparsos
392 1642 440 1692 per
451 1627 557 1688 urbem,
569 1643 630 1678 euni
639 1645 703 1680 suos
712 1633 808 1682 mertis
820 1637 892 1682 metu

202 1695 254 1746 510
265 1695 403 1760 Fugerent
411 1703 524 1760 penates
535 1703 563 1746 et
573 1699 653 1746 trium
666 1694 767 1748 ferrum
779 1700 885 1762 dueum,

263 1764 370 1813 Tabula
381 1771 492 1814 notante
503 1765 609 1816 deditus
622 1768 693 1818 tristi
705 1766 782 1818 nesii

262 1833 395 1898 Exposita
405 1834 501 1884 rustris
512 1835 603 1900 capita
616 1851 756 1886 caesorum
768 1842 859 1902 patres

260 1901 362 1952 Videre
373 1903 483 1962 muesti3
494 1901 558 1952 flere
570 1919 621 1954 nee
630 1903 706 1954 licuit
715 1919 788 1967 suus,

261 1969 321 2019 Non
333 1983 455 2036 gemere,
467 1971 526 2022 dira
537 1971 599 2022 tube
611 1973 713 2037 polluto
725 1972 795 2036 iero,

203 2037 252 2086 515
265 2036 387 2088 Stillante
398 2041 473 2090 sanie
485 2055 533 2106 per
544 2047 636 2104 putres
647 2042 735 2092 vultus
745 2043 829 2108 gravi.

261 2105 319 2156 Nec
330 2106 391 2158 iinis
402 2106 446 2158 hie
458 2110 561 2158 cruoris
573 2115 620 2158 aut
632 2111 722 2160 caedis
732 2111 820 2160 stetit:

262 2175 366 2225 Parere
377 2175 499 2228 volucres
511 2177 621 2228 etseras
632 2193 727 2229 saevas
738 2179 783 2230 diu

263 2243 368 2293 Tristes
380 2243 509 2310 Philippi3
521 2245 612 2296 hausit
622 2253 651 2298 et
661 2246 780 2296 Siculum
791 2262 867 2299 mere

262 2311 382 2374 Classes,
391 2314 518 2380 viresque
528 2329 611 2380 saepe
622 2317 757 2367 cedentes.
775 2313 836 2366 Suis

201 2381 251 2430 520
264 2381 416 2431 Concussus
427 2382 500 2432 orbis
511 2384 620 2434 niuibus.
640 2385 755 2450 Magnus
766 2384 863 2434 dueum

261 2447 410 2514 Superatus
422 2453 494 2514 acie,
504 2453 639 2518 puppibus
650 2452 737 2502 Nilum
750 2453 818 2518 petit

261 2517 353 2583 Fugas
365 2520 479 2582 paratis,
490 2520 548 2584 ipse
560 2522 694 2586 periturus
705 2521 790 2572 brevit

260 2583 488 2637 Hausitcruorem
499 2589 604 2638 incesta
613 2589 728 2640 Romani
740 2590 816 2640 ducis

260 2650 400 2720 Aegyptus
410 2655 522 2718 iterum,
534 2672 603 2707 nunc
613 2657 687 2710 leves
698 2658 808 2710 umbras
819 2661 896 2728 tegit.
