2274 3086
246 215 296 264 258
436 210 470 262 L.
498 209 653 260 nannai
683 208 875 264 SENECAE

307 315 363 366 Nec
374 313 504 364 hactenus
518 313 638 363 Fortuna
648 313 793 364 maculavit
804 321 925 380 patrenu

307 385 375 444 Sed,
387 385 473 433 maius
485 383 557 432 aliud
569 397 635 432 ansa
646 383 790 433 commisso
803 385 900 446 scelus,

264 455 297 503 30
311 454 417 504 Gnatae
429 451 560 502 nefandos
573 458 665 516 petere
678 453 838 504 concubitus
848 454 932 505 iubet.

308 523 369 574 Non
381 522 493 587 pavidus
504 519 582 569 hausi
594 519 681 581 dicta,
693 520 741 570 sed
754 523 812 586 cepi
825 521 909 572 nefas.

308 593 381 658 Ergo
394 598 423 640 ut
435 606 482 654 per
489 588 588 640 'omnes
599 589 699 638 liberos
709 589 777 641 irem
789 606 896 656 parens,

309 662 412 710 Coacta
423 659 485 708 satis
497 663 581 724 gnata
590 657 644 707 fert
656 663 762 707 uterum
773 673 892 724 gravem,

309 731 353 780 bic
365 735 442 794 patre
454 728 571 792 dignum.
607 725 697 776 Versa
707 733 805 777 natura
817 733 859 778 est
870 734 960 779 retro*

265 799 297 849 35
311 800 365 847 Avo
378 803 517 862 parentent
525 833 532 857 ,
545 811 597 861 pro
607 795 697 846 nefas!
720 798 791 862 patri
803 797 896 859 virum,

309 867 404 916 Gnatis
417 872 530 931 nepotes
542 866 650 926 miscui,
663 867 736 914 nocti
749 866 828 916 diem.

309 935 363 986 Sed
374 951 435 985 sera
447 935 555 984 tandem
567 935 678 999 respicit
688 933 776 984 fessos
790 934 868 984 malis

308 1005 376 1054 Post
386 1003 445 1053 fata
455 1004 561 1053 denium
574 1005 654 1052 sortis
664 1004 785 1052 incertae
798 1003 878 1053 fides:

309 1073 368 1122 Rex
381 1073 425 1121 iile
438 1089 545 1138 regum,
559 1072 657 1121 ductor
666 1073 849 1138 Agamemnon
860 1071 970 1136 ducunt,

265 1143 299 1190 40
313 1143 393 1190 Cuius
404 1148 515 1191 secutae
527 1141 597 1190 mille
608 1141 733 1190 vexilium
745 1143 827 1202 natea,

310 1210 394 1260 lliaca
405 1209 471 1260 velis
482 1211 567 1258 maria
579 1215 706 1258 texerunt
717 1211 782 1270 suis,

308 1279 375 1328 Post
386 1279 493 1330 decima
504 1277 605 1328 Phoebi
617 1278 703 1328 lustra
714 1279 822 1328 devicto
832 1277 881 1328 llio

307 1349 403 1410 Adest,
417 1349 529 1398 daturus
541 1348 647 1412 coniugi
659 1347 778 1414 iugulum
791 1361 865 1396 suae.

308 1413 419 1467 lamiam
431 1417 537 1466 natabit
548 1417 677 1482 sanguine
699 1417 803 1469 alterno
816 1416 926 1480 donnus3

264 1487 297 1539 45
309 1487 410 1547 Ensen,
421 1501 543 1546 secures,
557 1486 626 1545 teia,
639 1485 752 1534 divisum
763 1485 839 1551 gravi

308 1557 365 1615 ictu
377 1555 499 1620 bipennis
511 1556 613 1620 regium
625 1553 703 1602 video
717 1553 813 1618 caput!

308 1625 364 1673 iani
376 1625 480 1674 scelera
491 1628 656 1688 propesunt;
667 1623 721 1671 iarn
732 1622 818 1684 dolus,
831 1619 942 1684 caedes,
956 1637 1061 1675 ernon

307 1693 442 1744 Parantur
453 1690 560 1758 epulae!
583 1693 672 1740 Causa
682 1692 779 1741 natalis
790 1692 839 1753 tui,

306 1762 447 1830 Acffistbe,
457 1761 544 1811 uenit!
568 1761 639 1822 Quid
652 1761 739 1825 pudor
749 1761 838 1824 vultus
849 1759 961 1826 gravat?

246 1837 249 1844 ’
264 1832 297 1880 50
309 1833 379 1893 Quid
391 1834 488 1882 dextra
498 1830 579 1879 dnbio
591 1829 698 1894 trepida
709 1831 821 1879 consilio
833 1827 923 1878 labat?

307 1902 378 1962 Quid
389 1903 447 1966 ipse
458 1905 543 1949 tentet
554 1899 684 1959 consulis,
698 1904 821 1965 torques,
834 1913 914 1964 rogas

308 1971 346 2017 An
359 1969 455 2018 deceat
467 1967 520 2017 hoe
531 1967 575 2016 tet
590 1968 712 2033 Respice
724 1969 757 2018 ad
771 1973 899 2016 matrem:
911 1965 1004 2015 decet.

309 2035 363 2087 Sed
375 2053 423 2088 cur
434 2043 546 2102 repente
558 2037 644 2086 noctis
657 2038 776 2086 aestivae
787 2038 860 2100 pices

310 2106 430 2155 Hiberna
441 2107 523 2172 longa
533 2107 621 2170 spatia
632 2106 785 2170 producunt
796 2102 889 2154 mora?

265 2173 297 2223 55
308 2175 361 2222 Aut
372 2175 436 2240 quid
447 2175 576 2224 cadentes
587 2174 690 2226 detinet
701 2174 793 2225 stellas
804 2171 884 2240 polsi

307 2241 447 2294 Phoebuin
458 2258 603 2294 moramur.
632 2243 727 2294 Reddo
737 2245 791 2294 iam
802 2241 903 2294 mundo
914 2239 998 2293 diem.

408 2389 583 2456 'cnoaos
605 2409 881 2458 sacrosacrae.
902 2395 913 2410 ““

305 2523 389 2568 cuorus
399 2538 410 2566 ι
419 2526 548 2567 ιηιιῐίενίὁιιε
557 2522 651 2578 Argivis
660 2537 697 2566 seu
706 2523 838 2580 Mycenaeis
847 2525 960 2568 excelsam
965 2523 1063 2582 fortu-

246 2594 300 2623 nam
310 2580 410 2637 queritur
420 2579 564 2631 instabilem,
579 2579 686 2630 anxiam,
695 2580 803 2635 periculis
813 2579 953 2628 obnoxiam
964 2583 1064 2626 medio·

247 2649 306 2678 crem
318 2636 393 2692 itaque
400 2635 436 2678 ira·
441 2634 556 2693 praefert.

307 2726 330 2775 0
341 2741 488 2793 regnorum
499 2727 603 2794 magnis
614 2724 697 2776 fallax
