2280 3088
256 218 306 266 tut
455 213 489 264 L.
508 211 665 264 turtum
696 211 887 265 SENECAE
970 159 978 182 ⁸

317 316 453 368 stridente
464 317 571 367 tardum
581 314 706 372 machina
717 315 817 366 ducens
829 331 910 379 onus3

317 384 371 436 Sed
384 391 548 436 convocatus
560 387 635 435 vocis
646 390 675 434 et
685 379 804 434 citharae
816 399 884 434 sono

257 455 307 504 5¹10
318 453 372 505 Per
382 467 411 504 se
420 455 478 519 ipse
490 458 579 505 turres
590 453 663 504 venit
672 452 700 502 in
710 466 828 502 summas
838 451 924 517 lapisi

314 523 393 574 Haec
403 536 471 572 saxa
481 519 591 588 franges
601 519 705 570 victori
721 517 783 570 hine
794 519 881 586 spolia
891 519 1009 582 auferes,
1078 523 1094 546 ⁶

315 590 484 656 vinctosque
497 589 579 640 duces
591 589 676 654 patris
687 589 814 655 aequales
825 587 880 638 tuit
977 625 980 628 -

315 658 418 710 Matres
430 659 463 708 ab
474 659 534 724 ipso
548 659 692 724 coniugum
703 664 795 722 ruptas
806 657 866 708 sinu

290 745 296 752 ·
318 725 420 779 Saevus
433 732 530 778 eatena
540 727 616 776 miles
626 727 755 792 intposita
764 723 872 776 trahet?

256 795 306 847 575
318 797 353 846 Ut
365 795 456 845 adulta
466 797 542 861 virgo
555 795 640 844 mixta
651 795 759 858 captivo
770 793 846 860 gregi
859 789 867 800 '

315 861 447 914 Thebana
458 865 568 914 nuribus
578 878 675 912 munus
685 861 817 930 Argolicis
828 859 889 912 eati

314 933 354 982 An
365 937 393 998 et
402 933 462 996 ipsa
472 931 575 996 palmas
585 933 677 983 vineta
688 935 751 998 post
760 937 866 996 tergum
878 929 957 984 datas

315 1001 407 1050 Mater
415 999 544 1066 triumphi
555 997 655 1065 praeda
666 997 780 1052 fraterni
790 997 890 1051 vehar!
947 1029 949 1036 ,

316 1068 435 1118 Potesne
447 1069 519 1118 cives
530 1069 619 1118 laetus
630 1067 713 1134 exitio
725 1065 804 1118 datos

257 1138 306 1188 580
317 1135 418 1190 Videre
429 1133 545 1201 pessimi
561 1135 701 1188 moenibus
713 1137 783 1184 caris
794 1141 873 1201 potes

316 1205 432 1255 Hostem
443 1201 604 1254 admoveret
618 1199 749 1254 sanvuine
760 1210 788 1254 et
797 1201 905 1254 flamma
916 1207 994 1268 potes

316 1273 432 1338 implere
443 1270 568 1324 'lhebast
585 1273 655 1322 Tam
665 1243 752 1342 ferrum
764 1277 793 1321 et
803 1272 898 1322 durum
908 1272 981 1340 gerit

317 1339 487 1408 saevumque
498 1343 524 1392 in
536 1343 591 1392 iras
602 1347 712 1408 pectus,
723 1345 752 1392 et
761 1341 879 1390 nondum
889 1342 1020 1408 imperas:

317 1409 388 1470 Quid
399 1416 508 1476 sceptra
518 1408 636 1462 facienti
651 1407 728 1460 Pone
739 1423 869 1472 vesanos,
879 1421 987 1475 precor,

257 1477 307 1528 585
318 1479 403 1528 Animi
414 1483 642 1544 tumores,teque
653 1477 747 1543 pietati
757 1475 846 1528 referi
1129 1523 1130 1528 ,

318 1559 381 1595 roc.
393 1546 429 1594 Ut
440 1545 570 1612 profugus
577 1560 663 1598 errem
669 1556 777 1609 semper
788 1541 799 1593 i
811 1549 841 1594 ut
851 1545 940 1610 patrio
952 1557 1057 1604 arcem,
1129 1541 1130 1612 l

318 1615 457 1680 Opemque
467 1616 555 1681 gentis
567 1611 666 1679 hospes
677 1619 806 1664 externae
817 1610 932 1679 aequari

319 1681 390 1744 Quid
402 1687 510 1748 paterer
521 1682 608 1744 aliud,
619 1684 640 1732 si
653 1679 810 1734 fefellissem
821 1681 901 1732 fldem
908 1717 916 1742 ,

318 1749 345 1802 Si
357 1750 537 1816 peierassemi
552 1749 667 1804 Fraudis
678 1749 781 1800 alienae
795 1747 866 1800 dabo
951 1782 953 1788 ·

258 1821 308 1871 500
319 1819 440 1881 Poenas,
452 1819 534 1870 atille
546 1821 695 1886 praemium
706 1817 839 1880 scelerum
851 1815 938 1868 feretl

319 1888 398 1938 iubes
410 1887 498 1938 abne:
509 1890 604 1940 matris
614 1888 728 1954 imperio
740 1887 877 1954 obsequor

318 1957 375 2018 Da,
388 1971 441 2023 quo
451 1963 583 2008 revertar.
618 1955 704 2022 Regia
714 1953 800 2007 frater
810 1971 872 2006 mea

318 2025 433 2074 Habitet
445 2025 591 2090 superbum
604 2039 688 2090 parva
698 2040 746 2074 me
753 2023 904 2075 abscondat
914 2036 987 2074 casa.

318 2093 398 2142 Hanc
409 2092 473 2143 date
483 2092 604 2160 repulso!
621 2091 718 2144 Liceat
728 2095 827 2160 exiguo
835 2087 892 2142 lere

258 2161 308 2212 505
320 2161 439 2211 Pensare
449 2162 573 2229 regnum!
596 2161 708 2228 Coniugi
718 2161 820 2212 donum
831 2159 920 2222 datus,

317 2229 435 2279 Arbitrio
445 2227 556 2282 thalami
565 2231 633 2282 dura
643 2229 730 2280 felicis
741 2228 838 2290 feram,

317 2297 624 2364 Humilisquesocerum
633 2299 688 2350 lixa
700 2299 883 2367 dominantem
895 2287 1010 2363 sequani

317 2366 349 2416 ln
360 2367 517 2418 seruitutem
529 2369 626 2420 cedere
637 2368 671 2418 de
680 2383 766 2434 regno
777 2381 861 2434 graue
872 2369 922 2416 est.

319 2447 352 2482 ro
361 2447 384 2482 c.
405 2431 433 2484 Si
443 2439 664 2503 regna-quaeris,⁴
673 2452 723 2488 nec
734 2431 827 2502 potest
837 2439 947 2500 sceptro
962 2447 1064 2484 manus
1129 2441 1130 2460 ³

259 2501 309 2552 000
320 2501 428 2553 Vacare
440 2520 535 2555 saevo:
546 2501 644 2566 stulta,
656 2520 725 2571 quere
736 2508 850 2572 possunt
861 2503 919 2570 peti

289 2593 295 2598 ·
318 2571 348 2620 ln
360 2570 426 2621 orbe
436 2573 657 2639 toto‚quaelibet
667 2573 747 2634 tellus
759 2563 842 2625 dabit.
887 2625 904 2634 ,Δ
929 2631 931 2636 Ι

317 2639 390 2688 llinc
401 2644 466 2690 nota
476 2639 586 2692 Boccho
598 2641 710 2694 'imatos
722 2641 821 2698 attollit
830 2635 915 2708 iuga„

319 2705 382 2767 Qua
390 2705 448 2759 lata
458 2709 537 2760 terris
549 2709 638 2774 spatia
647 2706 784 2776 frugiferis
794 2709 895 2771 iacent,
