2274 3086
312 231 467 282 munel.
504 189 592 280 ACT.
612 231 659 282 111.

97 332 159 386 Non
165 370 173 396 ,
184 332 231 383 ubi
240 330 368 384 hibernos
378 332 525 382 nebulosus
535 331 635 383 imbres

98 404 196 453 Auster
207 401 328 464 advexit3
341 407 524 468 properatque
534 407 642 452 torrens

98 471 183 533 lster,
194 477 222 523 et
231 472 339 520 iunctos
350 475 425 521 vetat
436 485 496 520 esse
507 475 614 536 pontes,
665 508 666 512 ,

511 539 549 587 Ae
558 553 643 604 vagus
663 545 749 603 errat3

99 607 174 670 Non,
186 607 233 656 ubi
242 605 356 672 impellit
365 605 512 658 Rhodanus
522 605 700 672 profundum

99 678 153 726 Aut
164 677 209 726 ubi
220 677 247 725 in
259 677 332 725 rivos
344 676 449 725 nivibus
460 675 556 726 solutis

101 743 164 797 Sole
174 746 229 795 iam
239 743 304 794 forti
315 743 459 811 medioque
471 759 535 794 vere

513 812 616 862 Tabuit
627 813 757 864 Haemus.

101 884 206 932 Coeous
217 886 260 931 est
270 881 340 947 ignis
350 880 504 930 stimulatus
514 882 566 943 ira,

1 941 2 996 ᾗ
100 950 158 1001 Nec
172 951 229 1016 regi
241 955 331 1010 curat,
343 950 479 1014 patiturve
489 948 596 1011 iren0s3

1 1061 2 1088 ζ
100 1019 182 1070 Haud
193 1020 272 1068 timet
281 1023 411 1068 mortem:
423 1019 499 1084 cupit
508 1019 548 1068 ire
558 1019 585 1067 in
596 1019 670 1084 ipsos

514 1087 616 1137 Obvius
627 1103 714 1139 enses.

99 1157 222 1218 Parcite,
235 1170 251 1205 o
263 1153 328 1205 divil
341 1158 446 1206 veniam
458 1171 609 1222 precamur,

100 1226 183 1276 Vivat
192 1230 223 1274 ut
233 1229 321 1286 tutus,
334 1240 408 1274 mars
420 1227 464 1292 qui
475 1226 590 1292 subegit.

16 1306 19 1310 ·
102 1291 156 1344 Sed
167 1293 233 1343 furit
242 1295 313 1344 vinci
322 1293 446 1344 domiuus
457 1293 583 1360 profundi

514 1366 609 1430 Regna
619 1365 746 1415 secunda.

100 1431 187 1481 Ausus
198 1435 325 1481 aeternos
337 1433 442 1498 agitare
453 1447 548 1482 currus

101 1499 245 1550 Immemor
255 1503 344 1549 metae
354 1501 459 1550 iuvenis
471 1506 609 1565 paternae,

11 1564 14 1570 ’
103 1568 178 1628 Quos
187 1567 250 1632 polo
262 1568 374 1632 sparsit,
386 1566 505 1620 furiosus
514 1570 590 1635 ignes

513 1639 575 1704 lpse
586 1639 698 1704 recepit.

46 1715 49 1720 ·
102 1705 230 1754 Constitit
241 1703 304 1753 nulli
314 1705 358 1754 via
367 1710 434 1756 nota
444 1721 552 1774 magno.

100 1771 193 1835 Vade,
204 1787 257 1840 qua
267 1777 355 1823 tutum
367 1775 468 1840 populo
479 1775 577 1839 priori;
588 1833 590 1836 ¹

101 1841 205 1907 Rumpe
217 1856 267 1892 nee
278 1855 371 1904 sacro,
382 1842 514 1904 violente,
525 1849 621 1892 saneta

513 1911 638 1963 Foedera
645 1909 751 1962 mundi!

102 1979 229 2045 Quisquis
241 1977 350 2030 audacis
360 1979 452 2046 tetigit
461 1979 571 2031 carinae

101 2046 213 2098 Nobiles
224 2062 328 2109 remos,
340 2049 510 2116 nemorisque
521 2051 591 2102 sacri

100 2117 195 2168 Pelion
207 2117 291 2168 densa
301 2117 429 2182 spoliavit
438 2119 545 2183 umbra3

102 2186 228 2254 Quisquis
240 2187 352 2236 intravit
362 2187 489 2252 scopulos
498 2193 639 2256 vagantes,

1 2299 2 2305 ,
100 2255 137 2306 Et
147 2261 190 2305 tot
200 2271 325 2306 emensus
336 2255 426 2322 pelagi
437 2256 553 2319 labores,

97 2322 223 2374 Barbara
233 2323 324 2376 funem
335 2325 461 2392 religavit
473 2341 530 2388 ora,

99 2393 203 2457 Raptor
213 2394 319 2443 externi
328 2393 464 2446 rediturus
476 2397 547 2447 auri:

99 2461 182 2511 Exitu
195 2461 253 2511 diro
265 2467 398 2513 temerata
407 2466 482 2528 ponti

512 2535 575 2585 lura
586 2537 677 2604 piarit.

101 2597 195 2662 Exigit
205 2611 307 2662 poenas
318 2615 393 2650 mare
403 2609 591 2668 provocatum.

1 2721 2 2726 ¹
100 2663 207 2732 'l'iphys
218 2666 245 2714 in
257 2667 349 2730 primis
360 2669 478 2720 domitor
489 2671 615 2736 profundi

1 2735 3 2814 ζ
101 2734 195 2802 Liquit
204 2733 316 2786 indocto
328 2739 448 2804 regimen
460 2741 604 2808 magistro:

164 2802 240 2854 Sus.
259 2803 365 2854 Tnns.
672 2815 696 2874 Q
