2134 3088
286 191 480 242 bernrvit
507 193 586 243 ACT.
598 194 619 244 1.
800 196 852 249 3⁵9
935 242 942 257 .

56 292 221 359 Animumque
232 289 332 342 domini
344 291 447 343 tantula
460 295 580 358 possedit
591 295 646 358 diu,
801 355 805 360 ι

56 362 105 410 len
116 363 211 410 metuit
222 359 326 410 eadem.
346 374 421 410 occ.
438 361 543 428 Nenrpe
560 363 710 429 praelatum
721 367 772 418 sibi

56 428 175 482 Subiecta
187 434 215 480 et
225 426 346 491 humitis3
359 435 440 496 atque
452 439 627 484 monumenta
637 435 740 485 extruit
783 465 786 474 ι
799 437 849 488 195

56 498 149 558 Quibus
160 499 285 546 timorern
297 496 494 549 fassutestetur
504 517 591 550 suuni.
786 517 802 570 χ

53 579 146 616 suun.
158 567 194 615 Et
206 563 276 616 hanc
287 567 353 616 leuis
363 565 500 635 fallaxque
511 570 643 620 destituet
653 570 720 622 deus

51 634 164 685 Volucer
174 633 287 700 Cupido.
301 634 342 684 Sit
352 635 415 685 licet
428 635 516 688 fornia
528 641 648 690 enrinens

52 703 148 768 Opibus
160 703 290 768 superba:
301 703 429 770 goudium
441 708 532 770 capiet
542 707 633 759 breve.

50 771 486 838 Passaestsimilcsipsudolores
799 781 850 830 2⁰0

48 839 246 906 Reginadeum‚
427 889 428 894 ,
599 873 602 876 -

50 911 113 959 Cum
124 923 152 958 se
163 907 265 958 formas
275 911 395 960 vertitis
406 925 500 962 omnes

47 978 175 1028 Dominus
187 977 255 1027 coeli
268 978 411 1045 dirumque
423 984 508 1044 pater,

47 1048 83 1096 ut
92 1045 170 1096 mtrdo
182 1062 284 1112 pennas
294 1051 391 1098 sumsit
402 1047 494 1112 oloris,

45 1114 127 1167 Modo
139 1113 241 1166 Sidonii
254 1131 357 1168 cornua
366 1117 447 1178 tauri,

44 1187 146 1234 Aureus
157 1184 227 1238 idern
239 1184 317 1236 duxit
327 1189 354 1236 in
365 1187 452 1236 imbri.

48 1253 162 1318 Fulgent
172 1254 250 1306 coeio
261 1255 352 1306 sideru
362 1255 470 1319 hedue3

44 1322 136 1372 Patrio
148 1322 249 1374 residet
260 1323 383 1375 Bacchus
396 1325 527 1392 Olymp03

42 1391 116 1441 Deus
128 1391 233 1442 Alcides
245 1393 368 1456 possidet
380 1393 485 1454 Heben,

41 1457 99 1510 Nec
110 1459 219 1508 lunonis
229 1461 283 1508 ianr
294 1461 372 1508 tinret
382 1462 446 1519 ires,

41 1528 122 1576 Cuius
133 1541 217 1592 gener
227 1532 281 1586 est,
293 1528 337 1592 qui
349 1525 401 1576 fuit
411 1524 505 1578 bostis.

39 1595 116 1646 Vicit
126 1595 234 1660 sapiens
245 1600 336 1644 tannen
349 1595 507 1662 obsequium

39 1665 168 1730 Coniugis
179 1663 250 1715 altae
262 1678 424 1730 pressusque
435 1665 524 1716 dolor:

38 1731 105 1782 Sola
115 1733 269 1783 'l'on'untenr
282 1738 356 1783 tenet
367 1730 490 1784 aetherio

36 1800 143 1851 Secura
153 1806 215 1851 toro
225 1801 342 1852 maxime
351 1802 430 1868 iuno;

33 1869 60 1921 N
63 1884 96 1921 ec
106 1869 215 1920 mortali
227 1875 323 1935 coptus
333 1868 422 1921 iornrs

33 1940 149 1989 Deserit
160 1939 243 1988 eitam
255 1939 357 2004 iupiter
368 1939 466 1989 aulum.

32 2008 79 2057 Tu
91 2022 214 2074 quoque,
227 2009 307 2056 terris
318 2007 404 2057 altera
415 2008 491 2068 lune,

32 2075 122 2126 Soror
132 2077 245 2142 Augusti
257 2077 417 2143 coniuxque,
427 2089 526 2143 graves

30 2144 124 2196 Vince
136 2144 264 2196 dotores!¹

31 2227 110 2265 ocr.
126 2214 276 2280 iungentur
286 2209 444 2266 ente'saera
453 2212 587 2266 sideribus
599 2213 680 2280 frete,

28 2283 68 2333 Et
78 2284 151 2351 ignis
162 2283 265 2344 undae,
277 2284 395 2334 'l'srtero
407 2284 477 2334 tristi
490 2283 576 2350 polus,

27 2353 95 2403 Lux
107 2351 180 2402 alme
190 2353 324 2415 tenebris,
336 2353 461 2404 roscidae
473 2354 548 2411 noeti
559 2353 627 2416 dies,

28 2421 124 2480 Quem
136 2435 198 2470 cum
208 2421 315 2473 scelesti
329 2423 451 2488 coniugis
462 2429 552 2472 ruente
563 2424 647 2489 impie

25 2490 113 2540 Mens
125 2494 234 2549 nostra,
245 2505 353 2554 semper
364 2490 456 2542 fratris
467 2491 580 2541 extincti
590 2503 701 2540 memor.

24 2558 142 2607 Utinam
154 2555 264 2606 nefandi
274 2557 407 2624 Principis
418 2559 504 2608 dirum
518 2563 601 2622 caput

23 2625 159 2676 Obruete
170 2623 284 2676 dammis
297 2626 428 2677 Coeliturn
440 2631 533 2677 rector
543 2632 630 2691 paret,

23 2695 84 2760 Qui
94 2707 183 2764 saepe
194 2698 283 2746 terres
292 2692 404 2748 fulcrine
415 2693 515 2746 infesto
527 2695 625 2762 quatit,
