2274 3086
236 185 287 236 250
426 183 460 233 lm
488 180 644 233 ANNAEI
676 181 873 233 SENECAE

297 287 349 346 Qui
360 301 432 335 nunc
442 291 580 352 petuntur.
617 283 723 350 Rapido
735 285 860 336 Fortuna
869 299 902 336 ao
911 283 983 336 levis

235 356 287 405 220
296 355 487 421 l'raecepsque
499 369 583 420 regnu
596 355 708 418 eripuit,
719 353 800 403 exilio
813 354 894 406 dedit.

295 423 407 474 conlido
418 425 521 490 regnis,
534 436 593 471 cum
605 422 670 472 levia
682 437 793 488 magnas
806 438 872 488 opes

295 493 356 541 lluc
366 492 438 541 ferat
448 497 476 541 et
486 492 548 540 illuc
560 503 647 540 casus.
682 491 745 540 Hoc
757 505 838 556 reges
847 489 948 540 liabent

293 561 468 626 Magnificum
481 566 508 609 et
518 561 626 626 ingene,
637 558 710 608 nulla
720 559 792 624 quod
804 561 893 624 rapiat
902 557 972 620 dice,

293 629 427 678 Prodesse
439 629 557 688 miseris,
568 627 704 694 supplices
715 626 770 676 fido
781 627 837 676 lare

234 697 284 748 225
295 697 454 764 Protogene.
490 695 583 746 Solum
595 694 647 744 hoc
660 693 787 744 Colchico
799 710 882 762 regno
894 694 990 756 extuli,

294 767 385 817 Decus
395 765 459 814 illud
469 767 564 832 ingens
570 801 577 827 ‚
589 765 693 831 gloriae
703 763 797 814 durem
808 764 938 825 inclitum,

293 834 434 885 Praesidio
444 832 561 884 Achivae
572 834 660 900 gentis
670 838 699 882 et
709 833 813 898 prolem
823 831 912 893 deum,

294 901 424 954 Servesne
434 908 542 952 memet.
578 901 678 951 Munus
690 907 732 951 est
742 900 867 966 Orpheus
877 915 978 962 meum,

295 971 348 1031 Qui
359 985 426 1022 saxa
437 977 518 1020 cantu
529 971 629 1020 mulcet
640 975 667 1020 et
677 968 865 1032 silvestrahit3

234 1041 284 1090 230
297 1039 456 1106 Geminique
467 1052 562 1088 munus
574 1041 672 1088 Castor
681 1044 710 1088 et
719 1037 817 1087 Pollux
828 1051 925 1098 nucum,

295 1106 405 1172 Satiquc
417 1107 520 1170 Borea3
533 1109 631 1174 qulque
642 1112 717 1156 uano
727 1106 844 1155 Pontum
857 1118 963 1172 quoque

295 1174 437 1226 summota
447 1175 576 1240 Lynceus
586 1175 686 1226 lumine
695 1176 815 1224 immisso
826 1174 914 1236 iidet3

297 1245 450 1310 Omnesque
461 1245 587 1308 Minyae:
598 1259 658 1292 nam
671 1243 769 1292 ducum
781 1248 861 1292 taceo
873 1242 979 1302 ducem,

294 1312 348 1362 Pro
360 1327 412 1378 quo
424 1309 489 1362 nihil
501 1311 627 1374 debetur3
639 1310 710 1362 lruno
721 1311 785 1360 nnlll
795 1313 914 1376 imputo:

235 1380 285 1432 235
297 1380 382 1432 Vobis
392 1381 482 1430 revexi
494 1387 613 1442 ceteros,
626 1395 707 1428 unum
719 1377 793 1428 milii.

295 1451 403 1500 lacesse
413 1465 498 1512 nunc,
511 1455 539 1499 et
550 1455 647 1499 cuncta
659 1448 762 1515 flagitia
772 1445 878 1514 ingere!

294 1518 425 1568 Fatebor:
438 1517 510 1566 obici
521 1519 622 1566 crimen
634 1516 687 1568 hoc
697 1517 783 1566 solum
795 1521 897 1582 putent,

296 1589 367 1652 Argo
380 1599 496 1650 reversa.
534 1585 638 1651 Virgini
648 1586 757 1650 placeat
767 1585 865 1650 pudor,

294 1655 430 1720 Paterque
441 1654 562 1718 placeat:
573 1659 634 1704 tota
645 1669 704 1704 cum
716 1653 828 1703 ducibus
839 1657 902 1702 ruet

172 1735 178 1744 '‘
235 1725 285 1776 240
296 1723 411 1789 Pelasga
422 1723 514 1787 tellus3
526 1721 570 1772 hio
582 1728 644 1772 tuus
655 1723 768 1788 primum
781 1735 864 1787 gener

294 1793 378 1842 'sauri
390 1791 490 1841 ferocis
501 1805 548 1841 ore
560 1791 706 1840 flammanti
718 1791 833 1842 occidet.

294 1861 417 1910 Fortuna
428 1875 552 1921 causam,
564 1875 617 1926 qua
627 1859 713 1920 volet,
725 1865 845 1908 nostram
856 1861 978 1924 premat5

293 1927 355 1976 Non
368 1929 490 1992 poenitet
500 1941 622 1977 servasse
634 1932 676 1976 tot
687 1941 779 1994 reguum
791 1927 884 1976 decus.

295 1995 482 2060 Quodcunque
494 1994 573 2060 culpa
584 1998 731 2060 praemium
743 2011 776 2046 ex
788 1997 860 2044 omni
871 1994 929 2056 tuli,

234 2064 283 2116 245
294 2063 356 2112 lloo
367 2069 409 2111 est
419 2079 501 2128 penes
511 2069 549 2112 te.
585 2063 612 2112 Si
623 2063 725 2130 placet:
736 2065 834 2114 (lamna
845 2077 934 2126 ream3

293 2129 347 2180 Sed
358 2130 442 2182 redde
454 2133 564 2182 crimen.
600 2131 664 2181 Sum
676 2147 791 2193 nocens,
803 2131 907 2193 fateor,
919 2131 1016 2182 Creon.

293 2199 388 2248 Talem
399 2200 504 2249 sciebas
517 2215 588 2260 esse,
601 2215 660 2249 cum
672 2215 761 2267 genua
772 2201 860 2266 attigi,

291 2265 440 2332 Fidemquc
450 2267 561 2332 supplex
573 2269 704 2332 praesidis
716 2270 828 2319 dextrae
839 2269 904 2334 peti.

293 2337 380 2384 Terra
391 2333 442 2384 hac
452 2335 567 2384 miseriis
580 2336 705 2400 angulum
717 2343 745 2387 et
756 2337 847 2386 eodem
859 2349 938 2402 rogo,

233 2405 283 2456 250
293 2401 483 2466 Latebrasque
494 2402 567 2451 viles.
603 2404 675 2452 Urbe
687 2407 709 2452 ei
720 2405 782 2470 pelli
794 2404 885 2468 placet

293 2470 380 2519 Detur
389 2474 509 2519 remotus
522 2469 616 2535 aliquis
626 2472 652 2518 in
664 2473 753 2538 regnis
763 2471 848 2520 lucus.

295 2549 342 2584 cre
354 2535 414 2585 Non
426 2549 486 2585 esse
497 2551 554 2597 me,
567 2539 610 2602 qui
622 2545 731 2602 sceptra
741 2539 875 2588 violentus
885 2551 989 2604 geram,

293 2603 351 2652 Nec
362 2604 407 2668 qui
417 2603 535 2668 superbo
546 2607 668 2654 miserias
680 2605 781 2654 calcem
793 2606 872 2671 pede,

294 2669 426 2720 Testatus
436 2671 560 2737 equidem
570 2672 665 2720 uideor
675 2670 746 2722 haud
759 2673 831 2723 clare
842 2687 938 2739 parum
