2274 3086
236 216 287 269 198
445 215 479 267 L.
498 214 656 269 ANNAEl
677 215 869 271 SENECAE

233 321 285 371 415
296 319 376 372 Fletu
387 317 497 386 rigatisi
519 318 604 370 Levia
615 335 759 386 perpessae
773 336 875 384 suasus,

294 386 322 440 Si
334 387 423 437 flenda
433 387 559 452 patimur.
594 388 671 438 ilium
683 387 760 438 vobis
772 389 864 451 modo,

293 454 361 506 Mihi
372 455 472 504 cecidit
483 455 559 515 olim,
573 469 633 504 cum
644 455 718 506 ferus
730 473 809 506 curru
821 459 904 508 incito

234 559 237 565 n
291 525 357 576 Mea
367 523 490 574 membra
498 529 622 588 raperet,
634 531 662 573 et
671 526 746 590 gravi
757 532 879 591 gemeret
890 539 957 576 sono

292 592 417 642 Peliacus
430 593 488 642 axis
499 591 618 656 pondere
630 593 770 643 Hectoreo
782 601 909 644 tremens.

232 663 284 712 420
295 662 373 710 Tune
385 659 483 710 obruta
493 665 574 726 atque
585 674 693 724 eversa,
705 661 884 728 quodeunque
896 661 1005 725 accidit,

294 729 420 795 Torpens
430 729 507 778 malis
518 729 661 794 rigensque
673 731 730 780 sine
741 745 821 780 sensu
831 730 898 780 feto.

293 799 351 848 lam
363 804 458 862 erepta
467 796 570 846 Danais
582 799 723 864 coniugem
734 813 864 864 sequerer
874 813 973 861 meum,

256 879 259 886 ⁴
293 865 352 916 Nisi
363 864 407 915 hic
419 871 538 916 teneret:
549 863 594 914 hic
605 879 680 914 meos
691 867 795 916 animos
807 869 909 929 domat,

294 935 421 1000 Morique
432 931 572 999 prohibet3
583 935 657 999 cogit
668 931 711 983 hic
722 935 821 1000 aliquid
833 936 899 986 deos

186 1007 189 1010 ’
235 1003 287 1054 425
298 1001 393 1052 Adhuc
405 1017 516 1068 rogare3
528 1007 634 1066 tempus
646 1017 791 1052 aerumnae
805 1004 915 1054 addidit

297 1071 350 1123 Hie
361 1069 425 1119 mihi
437 1071 568 1119 malorum
581 1071 726 1118 maximum
738 1071 856 1120 fructum
868 1071 987 1133 abstulit,

296 1137 370 1189 Nihil
380 1140 485 1187 timere.
509 1137 651 1204 Prosperis
663 1139 743 1188 rebus
754 1139 830 1189 locus

297 1209 416 1272 Ereptus
428 1207 527 1268 omnis;
540 1206 612 1266 dira,
624 1221 677 1272 qua
687 1208 811 1269 veniant,
823 1206 932 1258 habent.

296 1275 478 1326 Miserrimum
489 1279 532 1324 est
543 1276 647 1336 timere,
659 1290 719 1325 eum
731 1291 824 1340 speres
835 1274 907 1324 nihii.

237 1343 289 1394 430
301 1358 338 1394 su
346 1357 373 1392 re.
386 1344 452 1404 Quis
462 1347 490 1392 te
502 1357 599 1408 repens
611 1345 757 1393 conrurovit
768 1343 903 1393 adflictam
916 1342 1025 1392 metus!

298 1427 365 1462 aun
373 1427 400 1461 u.
413 1413 541 1462 Exoritur
553 1411 660 1476 aliquod
673 1413 758 1460 maius
769 1427 784 1461 e
795 1427 894 1478 niagno
905 1411 1017 1460 malum.

296 1480 423 1531 Nondum
435 1481 538 1530 ruentis
549 1480 588 1530 llii
601 1478 687 1530 fatum
699 1481 782 1530 stetit.

299 1563 337 1598 su
345 1563 371 1598 u.
384 1550 419 1598 Et
431 1563 496 1614 quas
507 1549 639 1612 reperiet,
650 1554 681 1596 ut
692 1549 769 1610 velit,
781 1549 872 1598 clades
884 1546 968 1598 deus?

297 1615 391 1684 Stygis
401 1615 552 1682 profundae
565 1617 683 1666 claustra
695 1622 722 1666 et
733 1617 840 1666 obscuri
854 1631 952 1682 specus

235 1684 287 1736 435
299 1685 455 1747 Laxautur3
467 1690 507 1746 et,
519 1699 552 1734 ne
564 1685 635 1734 desit
645 1687 746 1736 eversis
757 1691 855 1748 metus,

294 1755 399 1805 Hostes
411 1754 444 1804 ab
455 1755 510 1803 imo
522 1753 623 1804 conditi
635 1752 698 1804 Dite
710 1761 818 1804 exeunt.

296 1821 401 1874 Solisne
411 1830 486 1874 retro
498 1823 619 1888 pervium
632 1829 674 1872 est
686 1822 787 1872 Danais
798 1822 865 1873 iteri

296 1892 376 1942 Certe
388 1906 476 1958 aequa
486 1905 559 1940 mors
570 1897 619 1940 est.
631 1905 670 1939 nu
678 1905 697 1939 n
705 1892 851 2007 mh'i'urbat
863 1894 1042 1960 atqueagitat

702 1959 777 2008 Pr*
799 1975 828 2009 as

297 2028 451 2078 Communis
461 2028 513 2078 iste
523 2031 626 2088 terr0r3
639 2024 684 2076 hic
695 1975 804 2094 prophige
815 2041 904 2077 meum

235 2095 287 2145 440
299 2096 427 2146 Exterret
437 2097 553 2145 animum
565 2096 652 2144 noctis
663 2093 816 2145 horrendae
826 2111 917 2160 sopor.

297 2177 335 2214 su
343 2177 369 2214 n.
386 2164 462 2224 Quae
473 2165 531 2213 visa
541 2169 663 2229 portent,
677 2163 743 2214 effer
753 2165 779 2212 in
794 2165 925 2224 medium,
936 2159 1048 2229 metus..

229 2249 233 2256 ·
295 2245 362 2282 aun
370 2245 397 2280 u.
418 2231 515 2282 Partes
526 2231 584 2282 iere
595 2246 649 2281 nox
659 2231 729 2282 alma
742 2233 888 2294 transierat
897 2231 975 2294 duas,

296 2301 456 2366 Clarumque
467 2305 571 2366 septem
582 2306 720 2350 verterant
731 2300 824 2350 stellae
835 2303 942 2368 iugum3

295 2369 393 2435 Ignota
404 2369 511 2419 tandem
524 2370 597 2418 vonit
609 2367 734 2419 adflictae
746 2371 831 2435 quies,

235 2436 286 2488 445
296 2437 445 2504 Brevisque
457 2437 535 2488 fessis
546 2453 655 2487 somnus
668 2437 789 2501 obrepsit
798 2437 888 2504 genis;

296 2503 325 2556 Si
336 2521 446 2556 somnus
456 2506 500 2556 ille
512 2512 554 2556 est
563 2507 660 2555 mentis
672 2507 806 2555 attonitae
817 2511 925 2572 stupor:

297 2575 363 2624 Cum
373 2574 462 2624 subito
475 2581 583 2624 nostros
594 2575 700 2624 Hector
710 2579 773 2624 ante
785 2573 879 2624 oeulos
890 2573 979 2635 stetit,

296 2641 359 2692 Nou
372 2641 457 2708 qualis
468 2643 540 2691 ultro
552 2642 624 2692 bella
634 2643 661 2691 in
673 2643 786 2709 Argivos
797 2641 897 2704 ferens,

299 2709 395 2760 Graias
407 2711 518 2774 petebat
528 2707 632 2760 facibus
643 2711 731 2762 idaeis
743 2716 826 2772 retes,
