2134 3088
257 303 309 354 ssi
431 299 484 368 [u.
511 299 669 352 sunum
687 297 891 370 sonorus]

273 405 307 455 30
317 403 440 470 lorisque
450 405 501 454 sui.
520 405 661 470 Coniugis,
673 401 728 452 lieu
738 401 794 454 mel

315 473 412 534 Pater,
422 473 525 522 insidiis
536 487 667 538 oppresse
677 473 761 533 iaces,

315 541 458 608 Servitque
470 541 567 591 domus
578 556 640 592 eum
651 540 728 607 prole
739 547 789 591 tus

314 611 404 676 Capta
413 609 545 675 tyranno!

435 831 616 879 surm
640 829 747 876 om
758 829 877 876 mu.

309 939 409 994 Propter
418 941 524 980 almae
532 952 587 980 sune
598 936 707 980 Octaviae
717 936 877 981 calesmata
885 940 984 985 sublimis
988 950 1007 986 et
1011 957 1039 984 o·

255 995 313 1039 litae
322 995 384 1039 ottae
394 993 548 1038 conditionem
557 1001 695 1035 exsecratio.

315 1085 434 1154 Fulgore
446 1087 532 1152 primo
543 1091 640 1150 eaptus
651 1089 680 1134 et
689 1082 778 1150 fragili
789 1085 863 1136 bono

273 1156 307 1207 35
318 1155 435 1208 Faliscis
446 1155 525 1204 aulae
535 1155 654 1220 quisquis
665 1155 797 1203 attonitus
808 1161 914 1220 stupet:

317 1223 414 1274 Subito
425 1224 541 1272 labantis
553 1222 630 1272 eece!
644 1222 781 1272 Fortunae
791 1223 905 1288 impetu,

314 1293 401 1342 Modo
413 1297 634 1358 praepotentem,
647 1297 741 1341 cernat
752 1305 875 1342 eversum
886 1294 1005 1346 domum

316 1359 487 1427 stirpemque
500 1360 608 1421 Claudi,
620 1362 695 1409 ouius
705 1361 819 1424 imperio
832 1359 885 1411 luit

317 1428 461 1480 Subiectus
473 1429 560 1490 orbis,
573 1431 664 1494 paruit
673 1429 741 1479 liber
751 1429 797 1478 diu

273 1500 308 1550 40
319 1500 460 1558 Oceanus,
471 1505 499 1548 et
510 1499 615 1563 recepit
625 1499 724 1546 imitus
735 1504 816 1548 rates.

317 1569 374 1629 En,
387 1569 430 1634 qui
443 1567 580 1616 Britannis
590 1567 691 1632 primus
703 1567 833 1630 imposuit
842 1567 958 1634 iugum,

317 1639 417 1703 Ignota
427 1641 455 1684 et
465 1641 528 1686 ante
540 1635 671 1684 elassibus
683 1637 751 1684 texit
761 1635 842 1696 freta,

318 1706 447 1771 Interque
457 1711 553 1770 gentes
564 1705 695 1754 barbaras
705 1711 780 1754 tutus
792 1703 844 1753 fuit

318 1775 355 1824 Et
366 1788 449 1824 saeva
458 1775 556 1834 uraris,
569 1774 691 1840 coniugis
701 1773 804 1823 scelere
815 1773 938 1838 oceidit,

234 1903 238 1910 ¹
276 1843 310 1894 45
320 1845 387 1893 Mox
398 1843 444 1892 illo
455 1843 524 1903 nati3
538 1843 614 1891 cuius
625 1843 761 1893 extinctus
770 1843 844 1892 iacet

318 1913 417 1963 Frater
427 1911 551 1972 venenis3
562 1918 668 1962 moeret
679 1909 773 1960 infelix
785 1925 881 1972 soror,

319 1981 604 2046 Eademqueeoniu13
618 1994 668 2028 nec
679 1995 776 2045 graves
785 1979 879 2030 luctus
895 1982 988 2036 ualet

319 2051 364 2099 lra
374 2057 472 2100 coacta
483 2055 584 2114 tegere.
621 2049 743 2098 Crudelis
753 2049 802 2098 riri

320 2117 435 2170 Secreto
446 2117 547 2183 refugit
558 2131 678 2182 semper3
698 2123 780 2183 atque
792 2117 857 2166 odio
872 2122 949 2184 pari

278 2186 311 2236 50
320 2187 423 2236 Ardens
434 2189 547 2236 maritus
559 2192 654 2235 niutua
665 2184 763 2252 flagrat
773 2185 843 2236 face.

320 2257 443 2304 Animum
455 2255 570 2305 dolentis
581 2260 675 2305 nostra
684 2254 789 2304 solatur
798 2253 872 2305 fides

320 2323 466 2390 Pietasque
477 2323 592 2374 frustra:
603 2328 691 2372 mutat
701 2325 810 2373 immitis
822 2323 916 2376 dolor

321 2390 440 2442 Consilia
449 2398 557 2455 nostra;
570 2409 620 2443 nec
632 2393 689 2458 regi
700 2393 797 2443 urentis
807 2397 917 2458 potest

323 2460 479 2512 Generosos
491 2461 586 2520 ardor,
597 2461 645 2511 sed
656 2459 734 2511 molis
745 2462 815 2511 vires
826 2462 932 2526 capit.

278 2527 311 2576 55
323 2529 398 2590 Heu,
411 2545 491 2594 quam
502 2529 648 2579 nefandum
662 2531 792 2596 prospicit
801 2537 913 2581 noster
927 2533 1036 2585 timor

323 2594 431 2659 Scelus,
444 2597 517 2664 quod
529 2599 632 2648 utinum
641 2613 739 2648 numen
751 2604 860 2650 sverm
870 2598 1008 2653 deum!
