2262 3082
229 253 454 306 Honoribus
473 253 647 308 runauld
682 253 810 305 acal.
898 249 915 300 l

119 356 153 405 Et
162 359 241 406 terna
251 357 364 408 monstri
375 357 444 409 colla
453 357 552 407 devicti
562 357 680 424 intuens,

119 426 209 474 Timui
219 427 375 490 imperasse.
396 423 481 474 Levia
491 424 539 474 sed
550 426 659 474 nimium
672 437 783 490 queror3

119 493 201 543 Coelo
212 493 360 542 timendum
372 499 426 554 est,
442 507 527 558 regna
537 508 570 542 ne
582 494 687 543 sunlma
697 495 826 556 occupat,

121 561 173 622 Qui
183 562 247 612 vicit
257 563 319 610 ima.
346 559 461 626 Sceptra
472 561 620 626 praeripiet
631 561 711 626 patri,

120 631 143 680 N
146 645 177 680 ec
186 631 213 679 iu
226 635 300 679 astra
310 629 385 678 lenta
395 629 493 690 veniet,
505 635 535 678 ut
546 627 681 690 Bacchus,
693 629 749 678 viar

120 701 175 750 lter
186 698 263 748 ruina
279 702 400 763 quaeret,
412 703 440 747 et
450 711 537 748 vacuo
547 697 627 746 volef

121 767 243 832 Regnare
254 764 363 814 mundo.
400 765 508 815 Robore
519 770 632 830 experto
644 768 743 826 tumet,

121 835 156 885 Et
167 849 246 900 posse
258 831 362 883 coelum
374 834 474 882 viribus
484 833 554 882 vinci
565 834 621 883 suis

121 902 223 952 Didicit
232 901 357 952 serendo:
370 901 489 950 subdidit
500 901 599 949 nrundo
611 905 701 965 caput,
887 900 920 950 7⁰

122 969 179 1019 Nec
190 967 265 1019 flexit
276 967 402 1018 humeros
413 968 491 1017 molis
501 968 648 1018 immensae
659 967 745 1029 labor,

122 1036 280 1103 Mediusque
293 1037 362 1086 collo
374 1035 444 1086 sedit
456 1036 591 1086 Herculeo
603 1035 695 1102 polus;

123 1107 238 1156 lmmota
249 1106 340 1154 cervix
351 1104 441 1154 sidera
451 1109 479 1154 et
491 1104 596 1154 coelum
607 1104 677 1165 tulit,

122 1175 158 1223 Et
169 1188 210 1222 me
221 1178 396 1238 prementem.
426 1173 539 1232 Quaerit
550 1171 584 1221 ad
597 1170 715 1237 Superos
726 1173 806 1222 viam.

122 1243 218 1307 Perge,
231 1243 282 1300 lra‚
294 1255 385 1308 perge,
398 1245 425 1290 et
436 1239 857 1308 magnameditantemopprimcl
888 1240 921 1290 15

124 1309 308 1376 Congrederel
320 1309 442 1358 nranibus
452 1310 513 1373 ipsa
524 1308 643 1359 dilacera
653 1308 719 1360 tuisl

124 1378 195 1440 Quid
205 1382 282 1428 tanta
293 1377 405 1426 mandas
417 1375 496 1427 odial
516 1377 665 1428 Discedant
674 1376 764 1440 ierae;

121 1447 183 1512 lpso
193 1445 351 1511 imperando
363 1443 450 1494 fessus
463 1442 634 1510 Eurystheus
644 1452 737 1510 vacet3

123 1516 237 1564 'l'itanas
249 1529 330 1564 ausos
342 1528 466 1578 rumpere
476 1515 618 1579 imperium
630 1514 702 1563 lovis

124 1585 238 1644 Enritte3
257 1579 339 1632 Siculi
351 1583 458 1632 verticis
468 1583 531 1632 laxa
541 1597 665 1647 specum:
890 1582 923 1632 80

123 1651 218 1701 'l'ellus
228 1652 337 1716 gigante
348 1650 430 1700 Doris
442 1665 556 1701 excusso
570 1657 688 1702 tremens

124 1719 272 1783 Supposita
281 1719 393 1768 monstri
407 1717 476 1768 colla
487 1717 599 1768 terrifici
610 1719 696 1780 levet;

92 1781 104 1846 ,Ῐ
124 1785 251 1838 Sublimis
262 1787 328 1837 alias
340 1786 419 1836 Luna
431 1789 567 1852 concipiat
577 1786 657 1837 ieras.

88 1885 92 1896 ·
125 1855 180 1906 Sed
191 1855 324 1904 vicitista.
362 1855 477 1915 Quaeris
487 1855 596 1905 Alcidae
607 1853 717 1919 pareml

124 1923 212 1974 Nemo
224 1928 274 1984 est,
286 1924 334 1972 nisi
345 1923 416 1988 ipse:
434 1921 506 1972 bella
515 1924 569 1972 iam
581 1937 673 1972 secum
684 1928 770 1989 gerat.
890 1923 923 1973 85

124 1991 220 2041 Adsint
230 1992 263 2040 ab
274 1992 327 2040 imo
339 1992 450 2041 Tartari
461 1990 545 2040 fundo
557 1991 663 2042 excitae

124 2060 302 2124 Eumenides3
313 2060 402 2126 ignem
414 2057 554 2111 flammeae
565 2066 695 2127 spargant
707 2075 815 2118 comam

123 2127 244 2192 viperea
255 2143 352 2178 saevae
364 2129 477 2179 verbera
486 2129 619 2180 incutiant
629 2144 731 2179 manus.

123 2197 136 2247 l
150 2211 234 2258 nunc,
245 2197 370 2263 superbe,
382 2197 508 2247 coelitum
520 2197 598 2247 sedes
610 2195 685 2261 pete!

123 2265 253 2316 Humana
262 2263 365 2315 temne!
384 2267 441 2315 lam
453 2264 541 2330 Styga
552 2271 579 2315 et
589 2265 697 2325 Manes,
709 2263 797 2326 ferox,
890 2265 924 2314 ilo

122 2333 238 2399 Fugisse
250 2331 353 2383 credisl
372 2333 425 2382 llic
436 2333 485 2383 tibi
496 2333 636 2384 ostendam
647 2331 752 2383 loieros
763 2330 770 2381 l

123 2401 270 2451 Revocabo
280 2401 307 2450 in
320 2399 375 2451 alta
386 2401 521 2451 conditam
533 2401 646 2468 caligine

122 2469 203 2520 Ultra
213 2473 359 2519 nocentum
372 2469 453 2522 exilia
464 2469 615 2523 discordem
627 2469 715 2530 deam,

125 2537 214 2598 Quam
225 2539 312 2587 munit
322 2538 415 2604 ingens
427 2539 526 2588 montis
538 2539 655 2602 oppositi
667 2534 776 2601 specus!

124 2605 248 2656 Educam
260 2607 352 2656 etimo
364 2606 558 2672 Ditiseregno
571 2603 725 2665 extraham,
770 2629 776 2637 ·
891 2603 924 2654 95
963 2604 967 2613 ⁴

125 2673 263 2740 Quidquid
274 2674 397 2724 relictum
409 2671 462 2726 estl
482 2673 703 2726 Veniatinvisum
716 2671 819 2735 Scelus,

124 2739 264 2811 Suumque
274 2741 394 2793 lambens
405 2744 561 2812 sanguinem
572 2742 701 2808 Impietas
711 2740 799 2803 ferox,
