2262 3082
252 174 287 224 ss
449 172 484 222 n.
501 172 655 238 1111111111
675 170 868 226 sennenn

311 274 436 324 Fratrem
446 274 556 324 videbit.
576 288 647 324 ssr.
668 275 734 334 Quis
746 274 825 325 fidem
840 276 913 341 pacis
926 275 1018 326 dabit?

251 342 301 392 295
314 344 363 391 Cui
373 341 565 392 tantacredett
589 356 664 392 s'rn.
677 341 840 392 Credulaest
850 343 1053 412 spesimproba.

313 409 409 460 Gnatis
421 416 510 461 tamen
522 411 664 471 mandata,
676 425 745 476 quae
757 417 856 474 patruo
868 411 971 474 ferant,

309 477 453 528 Dabimus:
464 479 565 528 relictis
577 477 638 528 exul
650 475 774 543 hospitiis
785 493 870 544 vagus

310 546 403 612 Regno
415 553 445 596 ut
454 548 576 597 miserias
590 553 690 607 mutet,
698 552 779 612 atque
789 547 876 612 Argos
887 553 979 614 regat,

309 615 350 664 Ex
361 621 438 680 parte
449 615 580 665 dominus.
601 612 629 664 Si
641 615 718 664 nimis
730 615 812 664 durus
823 629 918 679 preces

248 681 299 732 300
311 682 426 748 Spernet
437 681 586 748 Thyestes:
598 682 698 732 liberos
710 683 766 732 eius
778 683 859 732 rudes

307 752 440 818 Maiisque
452 751 539 801 fessos
550 750 678 817 gravibus
690 757 719 802 et
730 750 823 801 faciles
835 752 894 816 oapi

307 819 597 870 Praecommovebunt.
618 819 689 868 Hinc
700 825 778 868 vetus
789 821 865 884 regni
877 819 967 881 furor,

307 888 382 936 lilino
393 894 501 953 egestas
512 889 597 938 tristis
609 902 641 936 ae
652 887 734 937 durus
744 887 834 953 labor,

308 957 436 1016 Quamvis
447 957 578 1020 rigentem
589 962 631 1005 tot
641 955 718 1006 maiis
728 956 853 1021 subigent
863 955 956 1005 virum.

247 1023 297 1072 305
310 1037 381 1073 sar.
399 1024 455 1072 lam
467 1031 574 1088 tempus
584 1023 621 1072 illi
633 1023 698 1074 fecit
710 1038 852 1073 aerumnas
863 1023 944 1072 leves.

306 1106 348 1140 11·
355 1105 381 1140 n.
401 1091 497 1140 Erras:
509 1092 640 1141 malorum
652 1107 746 1143 sensus
758 1091 893 1142 adcrescit
904 1091 957 1141 die.

305 1159 380 1210 Leve
392 1165 433 1210 est
443 1161 564 1210 miserias
575 1159 660 1222 serre,
673 1159 793 1226 perferre
806 1167 847 1211 est
857 1175 948 1228 grave.

306 1241 377 1278 sar.
396 1228 468 1278 Alios
478 1229 614 1278 ministros
627 1229 720 1278 consili
730 1229 815 1279 tristis
826 1229 900 1294 lege:

305 1295 405 1348 Peiora
414 1297 524 1347 iuvenes
535 1295 614 1346 facile
626 1303 772 1362 praecepta
783 1297 907 1359 audiunt3

231 1363 297 1414 ν310
308 1365 337 1414 111
350 1370 427 1430 patre
438 1364 553 1423 facient,
566 1365 692 1431 quidquid
703 1367 730 1414 in
742 1371 839 1431 patruo
851 1365 943 1416 doces.
981 1408 986 1418 .

306 1429 394 1499 Saepe
404 1435 431 1482 in
442 1435 601 1500 magistrum
613 1433 717 1484 scelera
727 1434 865 1484 redierunt
876 1449 934 1484 sua.

304 1496 379 1550 arni
398 1503 434 1552 ut
445 1518 524 1552 nemo
536 1502 635 1552 doceat
644 1501 745 1552 fraudis
758 1508 785 1552 et
795 1502 905 1553 sceleris
915 1503 984 1552 vias:

303 1570 425 1636 Regnum
437 1571 554 1621 docebit.
572 1569 613 1620 Ne
624 1570 686 1619 mali
700 1570 780 1632 fiant,
791 1569 886 1620 times?

302 1637 328 1688 N
330 1645 459 1690 ascuntur
469 1639 549 1688 istud.
578 1639 657 1700 Quod
668 1653 750 1688 rocas
766 1653 889 1702 saevum,
901 1653 1042 1703 asperum,

243 1706 294 1757 ³15
305 1707 407 1774 dgique
418 1708 476 1758 dire
490 1707 577 1758 credis
589 1713 616 1756 et
627 1708 735 1756 nimium
747 1708 841 1772 impie,

300 1776 429 1828 Fortasse
442 1777 631 1842 etillicagitur.
653 1789 723 1824 ss'r.
735 1774 1043 1828 Hancirandemsriont

302 1844 383 1895 Gnati
395 1844 502 1910 pararit
513 1845 613 1894 'Facite
623 1851 678 1892 tam
691 1843 802 1892 rudibus
813 1844 880 1894 fides

301 1911 361 1962 Non
374 1914 451 1963 estin
463 1914 552 1974 annis;
565 1911 693 1978 detegent
703 1911 795 1962 forsan
808 1912 898 1962 dolos:

301 1981 408 2030 'l'acere
419 1976 508 2030 multis
521 1979 632 2029 discitur
643 1981 713 2029 sitae
725 1981 810 2030 malis.

242 2046 292 2098 320
303 2049 428 2112 Ipsosne,
438 2063 488 2114 per
498 2063 566 2114 quos
576 2047 670 2098 fallere
682 2049 763 2102 alium
774 2049 892 2115 cogitas,

301 2116 404 2178 Falles,
415 2123 446 2166 ut
457 2118 508 2182 ipsi
522 2117 632 2168 erimine
644 2122 671 2166 et
683 2115 763 2184 culpa
772 2115 885 2168 recenti

301 2198 376 2234 arn.
397 2185 467 2246 Quid
478 2185 548 2236 enim
560 2200 670 2236 necesse
680 2191 724 2247 est
733 2186 833 2235 liberos
844 2184 940 2236 sceleri
951 2197 1014 2236 meo

300 2253 439 2304 insereret
450 2253 504 2304 Per
514 2269 563 2304 nos
574 2253 637 2304 odia
648 2268 677 2304 se
688 2260 783 2304 nostra
795 2253 977 2319 explicent.-

300 2321 374 2371 Male
385 2323 456 2390 agis,
468 2322 586 2382 recedis,
598 2321 698 2373 anime!
710 2319 737 2372 Si
750 2323 838 2386 parcis
849 2323 917 2383 tuis,

239 2388 289 2440 325
300 2389 401 2440 Parces
413 2397 440 2440 et
450 2391 498 2440 illi:
512 2391 605 2442 consili
615 2391 798 2456 Agamemnon
811 2391 864 2440 mei
948 2400 951 2404 ·

300 2456 394 2508 Sciens
405 2459 527 2510 minister
538 2459 599 2519 fiat,
612 2465 640 2508 ct
650 2460 719 2524 patri
733 2459 822 2508 sciens

296 2526 438 2577 Menelaus
450 2527 528 2592 adsit.
547 2526 634 2578 Prolis
644 2527 765 2576 incertae
777 2526 844 2576 fides

296 2595 340 2646 Ex
351 2591 404 2644 hoc
414 2601 523 2660 petatur
534 2593 644 2646 scelere.
665 2593 693 2646 Si
703 2593 776 2644 bella
786 2594 908 2644 abnuunt

297 2663 335 2712 Et
345 2677 440 2728 gerere
451 2661 545 2713 uolunt
556 2663 633 2725 odia,
645 2663 667 2714 si
681 2668 809 2730 patruum
818 2671 931 2714 vocant:
1024 2725 1031 2738 ,
