2134 3088
725 3 1040 18 b--w-n-W..
1055 12 1063 15 ,

522 65 537 90 0

365 191 559 245 oculum.
576 193 663 244 ner.
676 191 709 242 11.
852 189 903 253 aar

110 292 841 362 sauldiaeere,lausestquoddeeet3non‚quodlieet.

106 380 197 418 uano.
218 365 314 416 Calcat
334 365 469 415 iacentem
485 363 588 431 vulgus.
633 377 704 412 suu.
724 362 842 412 Invisum

571 447 587 480 o
628 431 707 481 rimit.

108 517 201 555 nano.
211 503 326 552 Ferrum
336 505 429 550 tuetur
438 447 647 565 principenrpgn
655 513 681 548 n.
692 498 790 550 illelius
802 496 875 548 tides.

108 587 201 624 nuno.
212 571 302 621 Decet
311 570 400 618 timeri
413 570 565 619 Caesarem.
578 573 647 618 aare.
660 568 759 634 Atplus
770 566 851 633 diligi.

108 653 201 692 uuae.
219 639 345 691 Metuant
356 653 468 688 necesse
480 643 561 688 est...
573 651 644 686 sarr.
669 635 803 702 Quidquid
816 637 904 701 expri-

567 709 657 767 mitur,
668 711 807 773 grareest.
852 705 904 756 460

108 790 203 828 uano.
220 775 357 848 Iussisque
369 776 469 825 nostris
480 781 601 840 pareant.
623 789 694 824 sau.
707 775 903 840 lustaimpera.
923 781 930 795 '

107 859 203 898 nano.
215 843 339 894 Statuam
350 845 416 908 ipse.
454 857 526 892 sau.
548 845 624 904 Quae
640 859 787 894 consensus
803 843 904 894 efficiat

629 919 698 962 rata.
727 919 730 926 ’

107 995 207 1034 uano.
219 979 390 1047 Despectusl
400 978 577 1031 Ensisiaciet.
590 993 662 1030 suu.
673 939 904 1034 llocairsitnefas.

107 1065 204 1102 uuae.
217 1052 254 1100 rin
266 1051 357 1116 patiar
367 1050 452 1110 ultra,
463 1049 620 1115 sanguinem
631 1057 753 1100 nostrum
765 1052 829 1118 peti,

106 1120 207 1172 lnultus
218 1124 246 1169 et
257 1124 408 1169 contemtus
420 1124 450 1168 ut
461 1117 550 1168 subito
557 1118 711 1183 opprimar?
853 1120 903 1170 465

105 1189 192 1240 Exilia
203 1203 256 1238 non
267 1187 374 1253 fregere
385 1193 535 1237 summotus
548 1187 644 1252 proeul

105 1257 229 1308 Plautum
240 1262 320 1323 atque
332 1254 442 1316 Sullam,
452 1257 576 1321 pertinax
588 1271 702 1322 quorum
712 1246 789 1308 furor

105 1326 197 1375 Armet
206 1326 342 1375 ministros
354 1325 463 1376 sceleris
474 1325 499 1372 in
511 1323 621 1374 eaedem
633 1341 729 1376 meam.

104 1395 259 1444 Absentium
271 1409 331 1443 eum
343 1399 452 1442 maneat
464 1393 545 1441 etiam
557 1394 651 1456 ingens
661 1392 740 1444 lavor

104 1463 134 1512 ln
145 1461 212 1510 urbe
222 1464 329 1519 nostra,
341 1460 386 1523 qui
397 1459 472 1506 fovet
482 1473 544 1522 spen
557 1459 679 1523 exulum;
853 1465 905 1514 4ῖο

105 1529 248 1578 Tollantur
257 1525 349 1575 hostes
362 1541 425 1575 ense
436 1528 555 1591 suspecti
566 1525 639 1578 milri.

105 1597 194 1648 Invisa
204 1595 302 1646 coniux
312 1600 420 1658 pereat,
432 1601 460 1646 et
471 1610 563 1644 earum
574 1596 624 1646 sibi

103 1664 228 1716 Fratrem
239 1669 376 1729 sequatur.
388 1662 524 1730 Quidquid
536 1665 671 1714 excelsum
684 1673 734 1727 est,
747 1667 835 1718 eadat.

104 1747 177 1784 sau.
188 1730 334 1782 Pulchrum
342 1733 459 1782 eminere
471 1738 513 1782 est
522 1734 593 1782 inter
602 1733 720 1784 illustres
731 1737 813 1798 viros,

103 1800 253 1854 Consulere
265 1801 378 1866 patriae,
389 1815 502 1866 parcere
514 1800 635 1862 afflictis,
648 1801 707 1852 fera
853 1806 904 1855 475

103 1869 195 1922 Caede
208 1869 362 1930 abstinere,
374 1875 481 1935 tempus
493 1874 574 1934 atque
584 1869 642 1920 irae
653 1870 727 1932 dare,

102 1939 172 1989 Orbi
182 1939 308 2004 quietem,
320 1938 413 1988 seculo
427 1954 522 2004 pacem
533 1953 589 1987 suo.

101 2007 184 2057 Haec
194 2021 299 2056 summa
310 2007 407 2069 virtus'3
420 2008 520 2072 petitur
531 2003 582 2055 hae
594 2006 699 2057 eoelum
710 2010 761 2060 via.

102 2073 150 2125 Sic
161 2075 206 2124 ille
217 2075 322 2139 patriae
334 2077 435 2139 primus
445 2077 580 2141 Augustus
592 2090 688 2140 parens

102 2141 268 2208 Complexus
280 2149 354 2192 astra
365 2149 415 2204 est,
428 2144 524 2194 colitur
536 2149 564 2193 et
574 2145 681 2210 templis
691 2145 767 2198 deus.
852 2149 905 2200 48⁰

100 2211 183 2262 illum
195 2216 285 2264 tamen
298 2212 420 2262 Fortuna
431 2213 545 2262 iactavit
556 2213 599 2262 diu

99 2282 193 2332 'l'erra
205 2282 325 2347 marique
337 2296 386 2347 per
396 2296 493 2348 graves
504 2281 566 2332 belli
577 2284 660 2344 vices,

98 2349 207 2400 Hostes
219 2351 340 2416 parentis
351 2350 437 2401 donec
457 2352 592 2417 oppressit
602 2353 652 2402 sui.

97 2417 166 2467 Tibi
178 2435 275 2469 numen
286 2421 428 2470 incruenta
438 2421 580 2470 summittit
590 2436 681 2483 suum,

96 2485 138 2536 Et
150 2485 227 2536 dedit
236 2485 356 2538 habenas
367 2490 463 2553 imperi
473 2489 543 2538 laeili
556 2504 645 2550 manu,
853 2485 913 2547 485,

96 2552 232 2620 Nutuque
244 2559 346 2615 terras,
359 2558 457 2617 maria,
470 2556 584 2606 subiecit
594 2562 651 2605 tuo.
881 2582 884 2587 ·

95 2621 210 2672 Invidia
220 2624 305 2673 tristis
316 2624 388 2673 victa
399 2640 530 2674 consensu
544 2625 587 2688 pio

95 2690 200 2740 Cessit.
237 2689 353 2743 Senatus
363 2694 460 2760 equitis
472 2705 602 2743 accensus
614 2689 691 2744 favor
