2280 3088
232 209 284 260 134
411 208 444 258 L.
472 206 627 258 ANNAEl
656 205 846 260 SENECAE

292 313 327 362 Et
337 316 365 362 te
377 325 519 362 coruscum
529 311 596 362 lucis
608 309 746 362 aetheriae
756 311 843 372 iubar,

231 380 282 432 89⁰
295 381 337 430 Ex
350 381 425 430 cuius
433 385 494 429 ortu
506 385 600 430 nostra
611 380 747 446 dependet
759 380 864 442 domus,

291 450 411 500 Tentata
421 449 547 514 precibus
558 450 660 512 restiti3
671 447 745 498 ferro
757 463 789 499 aa
801 449 877 498 minis

291 517 353 568 Non
365 519 447 568 cessit
457 518 574 567 animus:
585 519 638 566 vim
649 523 740 566 tamen
752 532 851 582 corpus
862 517 932 567 tulit.

293 587 398 636 Labenr
410 585 479 635 hane
491 585 602 652 pudoris
613 585 685 636 eluet
696 592 788 635 noster
799 601 887 635 eruor.

293 669 361 704 'rus
370 669 392 704 s·
417 655 483 715 Quis
494 652 581 717 (edel)
594 655 680 703 nostri
691 653 796 704 decoris
808 669 918 704 eversor
931 651 997 704 fuist

233 722 283 774 895
296 737 342 772 ru.
362 723 449 784 Quem
459 738 520 774 rere
531 723 647 772 minime.
683 735 751 770 rus
760 735 782 771 s.
801 723 867 783 Quis
878 724 926 784 sit,
939 721 1032 772 audire

322 847 325 852 ,
718 795 826 856 expeto.

295 874 346 909 eu.
366 859 418 910 llic
429 859 501 910 dioet
513 859 597 920 ensis,
610 873 689 926 quem
698 859 816 908 tumultu
826 860 937 909 territus

293 928 386 994 Liquit
397 933 548 994 stuprator,
561 928 658 977 civium
669 927 812 978 adcursunn
823 928 928 978 timens.

294 1010 338 1044 ru
346 1010 363 1045 n:
372 1010 394 1046 s.
414 996 492 1056 Quod
503 994 681 1056 facinus‚heu
692 994 747 1046 me!
760 993 858 1046 cernel
875 996 948 1063 quod
958 1010 1032 1046 mon-

618 1069 703 1113 strum
719 1063 828 1114 intuor?

296 1131 398 1198 Regale
410 1133 504 1198 patriis
517 1147 642 1197 asperum
655 1134 736 1200 signis
748 1131 827 1183 eburi

223 1202 285 1250 '900
297 1199 400 1265 Capulo
412 1199 528 1266 refulget
539 1201 645 1266 generis
657 1202 750 1252 Actaei
763 1199 858 1252 decus!

295 1267 348 1318 Sed
360 1269 418 1334 ipse
430 1283 548 1335 quonam
561 1267 663 1318 evasit?
685 1283 736 1318 ru.
757 1271 794 1319 Hi
806 1269 939 1334 trepidum
951 1268 1016 1336 fuga

294 1336 396 1388 Videre
406 1337 500 1388 famuli
511 1338 646 1387 concitum
659 1339 738 1390 celeri
750 1338 827 1405 pede.

521 1489 748 1535 THESEUS·

232 1641 237 1648 Ι
286 1585 373 1685 Agatru‘to
384 1599 433 1629 erue
444 1589 546 1641 deceptus
554 1594 623 1643 pater
633 1595 655 1631 et
665 1587 800 1642 iraturfilr'o
811 1587 924 1633 immerito
936 1590 1030 1634 exitium

227 1653 331 1696 voprem
359 1657 378 1685 r.

291 1731 365 1784 Proh
376 1739 472 1784 saneta
484 1732 585 1799 pietas!
607 1733 675 1800 proh
687 1735 854 1802 gubernator
864 1733 930 1800 poli,

290 1803 327 1852 Et
338 1804 382 1869 qui
393 1803 540 1854 secundum
552 1801 677 1854 fluctibus
689 1819 801 1870 reguum
814 1819 915 1864 mores,

231 1871 280 1920 905
293 1871 368 1920 Unde
379 1871 433 1921 ista
443 1873 516 1922 venit
527 1873 632 1937 generis
643 1872 745 1921 infandi
757 1871 830 1922 loesi

291 1940 372 1988 Hunc
384 1939 468 1988 Graia
477 1939 556 1988 tellus
568 1940 646 2000 aluit,
658 1956 691 1990 an
703 1941 811 1990 'l'aurus
824 1939 950 2005 Scythes,

292 2005 441 2057 Colchusve
453 2005 566 2056 Phasis?
587 2007 668 2056 Redit
679 2008 712 2056 ad
724 2015 852 2058 auctores
862 2023 956 2072 genus,

292 2074 464 2141 Stirpenrque
475 2075 589 2139 primani
600 2075 718 2142 degener
729 2077 837 2142 sanguis
848 2074 942 2124 refert.

293 2144 342 2192 ldst
351 2144 403 2192 iste
416 2157 527 2207 prorsus
537 2144 625 2208 gentis
637 2143 780 2192 armiferae
790 2143 876 2204 furor,

231 2214 282 2260 ‘tid
294 2211 391 2262 Odisse
404 2211 518 2260 Veneris
529 2209 656 2272 foedera,
669 2217 697 2261 et
709 2218 813 2260 eastum
825 2211 870 2260 diu

294 2279 411 2345 Vulgare
422 2279 529 2344 populis
541 2293 647 2344 corpus.
686 2281 708 2330 Ο
720 2285 819 2330 tetrum
830 2293 924 2346 genus,

293 2347 424 2414 Nullaque
435 2349 536 2397 rictum
547 2347 607 2414 lege
618 2347 736 2398 melioris
747 2347 809 2398 solil

292 2417 379 2468 Ferae
391 2431 498 2483 quoque
508 2417 584 2482 ipsae
594 2418 698 2467 veneris
710 2418 812 2468 evitant
822 2416 908 2478 nefas,

294 2485 459 2552 Generisque
472 2485 546 2551 leges
556 2487 656 2536 inscius
667 2493 758 2536 servat
769 2487 865 2552 pudor.

232 2555 281 2606 915
295 2555 344 2606 Ubi
355 2554 443 2605 vultus
453 2554 498 2604 ille
509 2561 537 2605 et
547 2555 612 2604 ficta
622 2556 749 2606 maiestas
760 2557 820 2616 viri,

291 2625 377 2689 Atque
388 2621 496 2674 habitus
507 2622 629 2686 horrens,
638 2625 761 2691 priseaet
767 2627 878 2691 antiqua
889 2625 1022 2690 adpetens

291 2693 452 2762 Mommque
464 2693 568 2745 senium
578 2694 670 2758 triste,
682 2701 710 2746 et
720 2693 844 2746 adiectus
855 2691 969 2762 gravent
