2262 3082
282 221 516 276 THYESTES.
544 223 632 274 ACT.
651 224 685 276 11.
850 225 884 276 59

86 327 170 377 Pater
181 331 231 376 est.
251 325 382 374 Emun-
395 325 484 374 Multa
494 323 541 376 sed
552 325 673 390 trepidus
683 327 753 377 solet
833 327 884 378 330

85 381 223 460 Detegdse
234 393 337 455 vultus3
349 409 448 460 magna
458 392 594 444 nolentem
605 409 712 460 qnoque

86 463 205 512 Consilia
215 462 346 527 produnt:
357 463 493 522 nesciant,
505 467 622 528 quantae
633 463 671 512 rei
760 517 767 531 ι

86 531 167 581 Fiant
177 531 299 580 ministn'.
318 529 420 580 Nostra
430 536 460 578 tu
472 536 571 595 coepta
583 529 700 580 occulos.

88 611 159 650 sum
178 598 260 648 Haud
271 614 329 648 sum
341 599 504 649 monendus:
516 599 570 648 ista
580 604 674 648 nostro
685 597 712 646 in
724 603 834 662 pectore

86 667 167 718 Fides
177 667 382 733 timorque‚sed
394 668 479 733 magis
491 666 600 716 claudet
610 667 695 716 fides:
833 665 883 718 335
919 698 929 713 .

394 832 573 878 CHORUS.

123 930 144 972 A
155 929 251 973 dissidiis
256 927 370 984 frotmm,
381 928 420 984 qui
429 942 459 971 aa
470 935 557 986 tempus
567 931 640 972 minas
651 935 797 987 componunt.
807 938 883 973 sumta

86 985 218 1036 occasione,
239 984 323 1026 ctam
334 997 411 1036 regum
421 983 568 1028 ambitionem
584 991 664 1037 taxat,
685 986 733 1042 quis
743 999 794 1028 vere
803 999 843 1028 rex
853 986 883 1028 sit

87 1045 160 1092 docet,
171 1041 244 1083 vitam
254 1041 347 1096 denique
356 1041 465 1082 latentem
475 1043 600 1084 collaudat.

87 1131 210 1182 Tandem
222 1132 298 1198 regia
309 1131 419 1192 nobilis,

86 1201 194 1266 Antiqui
206 1215 291 1266 genus
302 1198 393 1250 inachi
400 1236 408 1260 ,

86 1268 214 1319 Fratrum
226 1269 377 1334 composuit
388 1269 481 1318 minas.

89 1336 155 1397 Quis
166 1352 215 1386 vos
227 1338 347 1402 exagitet
359 1336 448 1398 furor,

86 1406 202 1455 Alternis
214 1405 279 1455 darc
291 1406 447 1471 sanguinem

85 1474 124 1524 Et
135 1479 271 1539 sceptrum
282 1473 385 1524 scelere
396 1472 524 1540 adgredii

86 1541 218 1603 Nescitis,
230 1541 318 1607 cupidi
331 1543 446 1604 arcium,

85 1611 208 1677 Regnum
220 1627 271 1677 quo
282 1611 372 1660 iaceat
381 1610 451 1660 loco.

85 1679 187 1747 Regem
199 1695 251 1730 non
264 1677 368 1728 faciunt
379 1693 458 1744 opes,

84 1747 147 1800 Non
157 1749 240 1799 vestis
251 1748 354 1811 'l'yriae
366 1743 454 1806 coio'r,

83 1815 148 1868 Non
158 1815 255 1868 frontis
266 1821 332 1864 nota
341 1815 448 1880 regiae,

83 1884 147 1936 Non
159 1899 225 1934 auro
236 1882 336 1933 nitidae
348 1881 434 1931 fores:

84 1955 144 2005 Rex
155 1960 208 2014 est,
221 1955 263 2019 qni
276 1951 366 2018 posuit
377 1956 465 2000 metus

83 2023 122 2074 Et
134 2021 181 2072 diri
193 2022 263 2071 mala
276 2020 407 2086 peciolis,

87 2092 174 2152 Quem
184 2106 238 2140 non
250 2089 361 2140 ambitio
372 2089 507 2153 impotens

84 2161 123 2212 Et
132 2174 267 2226 nunquam
277 2157 379 2208 stabilis
391 2156 469 2206 favor

84 2227 166 2294 Vulgi
179 2227 334 2293 praecipitis
346 2230 450 2286 movet,

85 2296 148 2348 Non
160 2295 269 2363 quiquid
277 2294 347 2344 fodit
358 2293 505 2354 Occidens,

85 2367 139 2416 Aut
149 2365 221 2414 unda
231 2365 324 2429 Tagus
335 2377 417 2412 aurea

88 2434 168 2484 Claro
179 2429 288 2482 devehit
300 2430 390 2492 alve03

86 2501 148 2552 Non
160 2500 287 2568 quidquid
300 2498 411 2564 Libycus
422 2498 487 2548 terit

86 2571 205 2622 Feruens
217 2584 281 2619 aueo
292 2566 438 2630 messibus3

88 2641 175 2700 Quem
187 2653 239 2688 non
251 2635 388 2687 concutiet
399 2633 499 2686 cadens

87 2707 195 2775 Obliqui
204 2707 249 2758 viu
259 2703 389 2765 fulminis,
