2134 3088
91 193 320 246 HERCULES
350 193 553 246 OETAEUS.
582 197 735 248 Ac'l'.11t
769 198 820 250 31⁹

14 299 33 347 A
42 311 88 346 rna
98 297 160 362 ipsa
170 296 291 347 damnor.
327 297 431 363 Purget
441 295 490 346 has
500 296 599 346 Pluton
610 313 713 351 manns.

14 365 101 415 Stabo
114 371 178 421 ante
190 368 275 430 ripas,
286 367 427 416 immemor
439 363 541 426 Lethe,
553 371 623 428 tuas,

13 436 50 484 Et
61 434 161 486 umbra
171 435 256 484 tristis
267 434 409 500 coniugem
423 435 557 497 excipiam
567 449 656 485 meum

13 501 70 552 Sed
81 509 127 563 tu,
137 503 269 568 nigrantis
278 516 363 567 regna
372 503 416 567 qui
427 508 539 567 torques
551 503 615 567 poli,

13 572 89 622 Para
99 569 235 620 laborem!
257 569 368 620 Scelere
378 585 447 636 quae
458 572 570 636 quisque
594 585 675 624 ausus
686 581 736 636 est,
770 575 820 626 940

13 640 69 689 llic
81 639 148 688 vicit
159 653 249 701 error;
260 639 327 688 luno
339 656 392 688 non
403 653 471 688 ausa
481 639 626 690 Herculem
637 647 680 692 est

13 708 130 772 Eripere
141 707 230 756 terris.
265 707 412 758 Horridam
423 721 537 772 poenam
550 709 628 771 paral

13 773 147 840 Sisyphia
158 775 248 826 cervix
261 781 363 833 cesset,
374 782 402 824 et
413 781 522 824 nostros
532 775 601 840 lapis

13 843 142 909 Impellat
153 841 289 893 humeros.
323 844 370 893 Me
379 858 463 909 vagus
475 843 563 908 fugiat
573 845 656 907 latex,

12 913 163 978 Meamque
176 911 257 962 fallax
269 911 342 962 unda
352 911 462 962 deludat
473 913 553 962 sitim.
771 919 820 967 945

12 982 107 1032 Merui
119 996 214 1030 manus
225 980 356 1045 praebere
367 979 518 1029 turbinibus
529 981 592 1042 tuis,

17 1051 204 1116 Quaecunque
215 1064 308 1116 regem
320 1047 480 1098 Thessalum
492 1055 616 1114 torques,
630 1051 703 1102 rota!

14 1118 140 1169 Effodiat
151 1118 245 1168 aridus
257 1117 318 1168 hinc
330 1124 358 1166 et
369 1115 430 1166 hinc
440 1117 531 1166 rulurr
541 1118 632 1168 fibras.

14 1189 107 1239 Vacet
118 1203 173 1237 una
181 1187 296 1236 Danais:
308 1185 357 1236 has
368 1201 419 1252 ego
431 1185 548 1252 explebo
559 1188 646 1238 vices:

14 1257 125 1306 Laxate
137 1255 240 1306 manes!
262 1256 363 1321 Recipe
373 1270 416 1306 me
428 1256 552 1306 comitem
565 1255 621 1316 tibi,
770 1259 821 1310 950

15 1324 153 1374 Phasiaca
165 1323 275 1374 coniux!
297 1326 374 1390 peior
385 1322 466 1385 haec,
479 1326 556 1390 peior
566 1331 613 1374 tuo

16 1395 138 1458 Utroque
151 1392 246 1442 dextra
257 1398 299 1442 est
309 1393 424 1452 scelere,
436 1408 484 1442 seu
496 1399 583 1442 mater
594 1407 703 1456 nocens,

18 1461 73 1510 Seu
84 1461 144 1509 dira
154 1475 232 1509 soror
244 1475 281 1509 es.
313 1459 388 1508 Adde
400 1475 442 1508 me
454 1465 581 1509 comitem
592 1462 655 1522 tuis,

18 1527 148 1578 Threicia
159 1529 270 1585 coniux,
282 1526 443 1578 sceleribus!
467 1527 584 1578 Gnatam
594 1534 678 1594 tuom,

18 1594 134 1647 Althaea
145 1601 245 1656 mater,
256 1594 358 1660 recipel
381 1610 451 1644 nunc
462 1611 553 1646 veram
565 1603 640 1648 tuam
770 1602 821 1654 955

18 1668 142 1730 Agnosce
154 1662 268 1728 prolem!
292 1663 362 1723 Quid
374 1670 464 1714 tamen
476 1670 580 1714 tantum
594 1681 688 1718 uranus

18 1735 136 1785 Vestrae
148 1731 333 1781 abstuleruntl
354 1732 476 1782 Claudite
489 1733 611 1796 Elysium
622 1734 696 1797 mihi,

21 1803 204 1865 Quaecunque
217 1799 287 1850 fidae
300 1801 429 1866 coniuges
441 1801 557 1849 nonroris
568 1804 639 1851 sacri

18 1871 112 1921 Lucos
123 1867 234 1918 tenetis!
257 1867 285 1917 Si
297 1884 351 1934 qua
362 1869 490 1934 respersit
501 1883 596 1918 ananus

18 1939 79 1990 Viri
90 1952 198 1998 cruore,
211 1953 262 1987 nec
271 1952 376 1988 memor
388 1942 479 1988 castae
490 1935 560 1986 facis
771 1939 821 1990 960

20 2007 121 2057 Stricta
134 2011 248 2057 cruenta
258 2005 348 2056 Belias
360 2005 433 2056 ferro
444 2006 534 2056 stetit:

19 2077 51 2128 ln
62 2090 105 2126 me
116 2090 181 2125 suas
192 2081 324 2140 agnoscat
335 2081 363 2124 et
373 2074 465 2124 laudet
476 2089 579 2124 nsanos.

19 2147 50 2196 ln
62 2141 131 2193 hanc
142 2143 215 2194 abire
228 2144 371 2209 coniugum
383 2144 490 2192 turbam
503 2142 582 2204 libet;

22 2213 76 2263 Sed
86 2218 113 2262 et
124 2212 169 2262 illa
179 2212 267 2278 fugiet
277 2213 358 2262 turba
367 2218 423 2262 tam
435 2210 507 2261 diras
517 2226 621 2262 nsanos.

20 2283 121 2332 invicte
133 2283 244 2342 coniux,
255 2283 385 2334 innocens
396 2282 501 2332 anianus
512 2279 585 2341 mihi,
769 2281 820 2332 ⁹65

21 2350 141 2400 Scelesta
151 2367 246 2401 uranus
257 2356 307 2402 est.
344 2348 418 2401 Proh
429 2351 506 2400 nimis
518 2365 594 2400 mens
604 2348 727 2402 credula!

21 2417 94 2468 Proh
105 2417 189 2469 Nesse
200 2419 296 2480 fallax,
308 2425 391 2487 atque
403 2419 521 2472 semiferi
535 2417 602 2470 dolii

21 2485 131 2537 Auferre
144 2489 254 2551 cupiens
266 2489 369 2554 pellici,
380 2490 465 2553 eripui
477 2487 550 2537 mihi.

21 2554 141 2615 Recede,
153 2555 248 2617 'l'itan,
260 2563 357 2623 tuque,
369 2572 438 2623 quae
449 2556 547 2606 blanda
557 2561 635 2606 tenes

21 2624 52 2674 ln
63 2623 122 2672 luce
133 2624 258 2684 miseros,
270 2627 337 2676 vita:
349 2627 485 2676 cariturae
496 2623 615 2674 Hercule
770 2622 821 2675 970

24 2692 84 2744 Lux
95 2690 153 2742 vilis
162 2692 216 2742 ista
228 2699 277 2742 est.
313 2694 427 2760 Exigarn
438 2707 541 2758 poenas
552 2691 610 2752 tibi,
