2262 3082
210 203 227 252 6

397 201 430 250 L.
450 199 606 252 nNNner
637 195 827 252 SENECAE

271 303 332 355 Non
343 305 382 353 sie
395 303 506 354 abibunt
517 304 591 354 odia:
602 305 709 364 vivacee
721 309 785 370 aget

270 373 413 424 Violentus
423 373 478 421 iras
490 373 607 432 animus,
618 379 646 422 et
656 388 752 422 saevus
767 371 845 422 dolor

272 442 390 490 Aeterna
399 440 471 489 bella
482 454 548 504 paee
559 440 666 489 sublata
676 445 761 504 geret.
773 467 805 476 —

230 509 263 560 80
276 509 352 568 Quae
363 505 449 557 bellai
472 508 606 572 Quidquid
618 507 754 557 horridum
765 507 843 557 tellus
856 509 931 555 creat

272 577 396 638 inimica3
409 575 536 642 quidquid
547 581 644 639 pontus
657 581 704 625 aut
715 580 762 624 aer
771 575 833 624 tulit

180 675 185 684 ·
273 644 419 706 Terribile,
432 643 531 704 dirum,
542 644 683 708 pestilens,
695 649 786 704 atrox,
798 643 899 704 ferum3

271 713 401 764 Fractum
422 717 502 777 atque
522 711 653 760 domitum
668 717 722 773 est3
739 716 849 775 superat
864 715 892 760 et
912 708 1009 759 crescit

715 779 805 840 maiis,

272 849 369 914 Iraque
380 851 474 897 nostra
484 847 594 908 fruitur3
611 847 638 896 in
649 847 742 896 laudes
753 861 815 896 suas

231 915 263 966 35
273 915 339 964 Mea
349 917 429 965 vertit
441 915 510 963 odia.
532 915 603 963 Dum
614 917 691 964 nimis
702 930 783 964 saeva
793 916 910 980 impero:

272 983 382 1034 Patrem
395 982 518 1047 probari,
537 982 639 1046 gloriae
650 981 701 1031 feei
714 983 811 1030 locum.

274 1051 335 1110 Qua
346 1049 393 1100 Sol
404 1050 550 1108 reducens,
560 1053 667 1114 quaque
678 1049 817 1114 deponens
829 1049 898 1098 diem

273 1119 356 1168 Binos
368 1119 518 1184 propinquo
529 1117 608 1182 tingit
618 1115 764 1182 Aethiopas
775 1115 845 1178 face,

274 1187 409 1236 Indomita
419 1187 503 1234 virtue
515 1185 625 1245 colitur,
638 1190 666 1234 et
675 1189 735 1234 toto
747 1185 813 1234 deus

214 1258 217 1266 ’
231 1256 264 1304 4⁰
276 1253 409 1304 Narratur
420 1254 493 1303 orbe.
514 1254 640 1302 Monstra
649 1253 703 1302 iam
715 1253 811 1302 desunt
821 1250 898 1313 mihi3

273 1323 416 1388 Minorque
426 1322 504 1370 labor
515 1327 556 1370 est
567 1321 678 1370 Herculi
688 1321 761 1370 iussa
771 1321 880 1386 exequi,

275 1391 361 1451 Quam
372 1388 436 1439 mihi
444 1390 551 1451 iubere3
565 1389 653 1437 iaetus
663 1389 776 1453 imperia
788 1390 896 1453 exeipit.

274 1459 351 1519 Quae
361 1457 421 1507 fera
432 1459 541 1522 tyranni
551 1459 625 1506 iussa
634 1457 752 1506 violento
764 1462 865 1522 queant

273 1525 379 1576 Nocere
390 1527 477 1575 iuveni
487 1519 498 1573 i
509 1524 612 1590 Nempe
623 1539 672 1590 pro
682 1525 742 1574 telis
753 1527 837 1590 gerit,

230 1594 264 1644 45
277 1596 353 1655 Quae
364 1595 453 1642 timuit
464 1599 492 1643 et
503 1607 572 1659 quae
583 1591 666 1641 fudit:
680 1599 799 1643 armatus
809 1593 882 1641 venit

273 1663 367 1712 Leone
379 1668 407 1712 et
417 1660 512 1727 hydra.
532 1660 590 1710 Nee
601 1663 667 1710 satis
678 1666 767 1710 terrae
778 1665 885 1725 patente

272 1730 387 1797 Effregit
397 1745 462 1780 eece
474 1729 479 1778 !
495 1729 575 1779 limen
586 1727 773 1789 interminus,

273 1800 310 1849 Et
321 1801 410 1865 opima
420 1799 484 1849 victi
493 1799 565 1864 regis
578 1798 611 1846 ad
624 1795 743 1862 Superos
753 1795 846 1846 refert.

273 1868 372 1917 Parum
384 1873 425 1916 est
435 1868 547 1916 reverti:
560 1865 655 1916 foedus
668 1865 828 1914 Umbrarum
839 1865 917 1930 perit.

231 1935 264 1985 50
275 1935 338 1986 Vidi
347 1936 419 1998 ipsa,
431 1935 493 1992 ridi,
505 1939 585 1982 nocte
596 1934 718 1981 discussa
727 1932 845 1981 interum

272 2003 309 2052 Et
319 2002 382 2051 Dite
394 2001 506 2059 domito,
517 1999 604 2064 spolia
613 2000 760 2048 iactantem
772 2000 843 2062 patri

272 2071 413 2121 Fraterna.
430 2069 483 2117 Cur
494 2081 547 2116 non
557 2067 658 2116 victum
669 2075 697 2116 et
708 2080 865 2130 oppressum
877 2064 961 2116 trahit

273 2139 365 2203 Ipsum
378 2137 480 2186 catenis
492 2136 568 2200 paria
578 2135 702 2183 sortitum
714 2134 784 2193 lovi,

171 2240 179 2273 ρ
273 2207 418 2271 Ereboque
430 2209 511 2268 capto
522 2203 624 2268 potitur
635 2207 663 2251 et
672 2203 772 2268 retegit
784 2200 887 2268 Styga?

231 2274 263 2325 55
275 2272 420 2324 Patefacto
430 2272 463 2321 ab
473 2272 533 2320 imis
543 2270 668 2320 Manibus
679 2275 753 2320 retro
763 2271 807 2318 via
819 2275 874 2332 est,

273 2343 311 2392 Et
321 2355 401 2390 sacra
411 2339 485 2389 dirae
496 2339 595 2388 Mortis
605 2340 631 2387 in
643 2344 737 2404 aperto
747 2339 846 2389 iacent.

274 2411 309 2459 nt
317 2409 375 2470 ille,
388 2414 468 2473 rupto
481 2421 590 2458 carcere
602 2407 774 2467 Umbrarum,
785 2405 864 2455 ferox

274 2474 533 2540 Demetriumphat,
544 2481 572 2525 et
583 2475 746 2540 superbifica
756 2487 837 2522 manu

275 2547 369 2595 Atrum
379 2559 427 2610 per
438 2543 519 2593 urbes
530 2545 604 2592 ducit
614 2542 753 2608 Argolicas
765 2553 872 2591 canem.

233 2613 266 2664 60
276 2614 343 2665 Viso
354 2613 489 2663 labantem
496 2610 613 2662 cerbero
625 2610 678 2658 vidi
690 2609 770 2670 diem,

277 2682 462 2750 Paridemque
474 2679 571 2744 solem3
582 2693 625 2730 me
638 2689 745 2746 quoque
756 2677 855 2727 invasit
864 2681 980 2738 tremor,
