2274 3086
364 223 519 275 MEDEA.
554 223 641 276 Ac'r.
660 226 695 279 V.

144 331 203 392 Quo
215 335 242 380 te
252 330 348 396 igitur,
357 329 412 388 ira,
423 327 520 389 mittis,
532 332 580 376 aut
590 339 659 394 quae
669 327 773 392 perfido

142 399 260 450 lntcndis
271 397 344 448 hosti
354 393 426 446 telal·
445 395 545 446 Nescio
558 396 621 462 quid
632 395 711 447 ferox

140 467 269 517 Decrevit
281 467 385 515 animus
395 466 480 526 intus,
492 471 520 514 et
529 464 647 514 nendum
658 464 709 514 sibi

141 535 230 586 Audet
240 534 329 584 faterl.
366 532 456 582 Stulta
466 535 610 599 properavi
623 529 709 584 ulmis.

141 605 184 654 Ex
196 603 291 668 pellice
303 603 405 652 utinam
417 601 516 651 llberos
528 601 612 650 hostis
622 615 698 652 meus

142 673 251 737 Aliquos
262 669 387 720 liaberet!
410 669 545 736 Quidquid
557 669 646 720 exilio
659 675 735 719 tuum
747 669 798 732 est,

143 741 246 788 Creusa
256 740 369 804 peperit.
405 737 512 788 Placuit
523 737 575 788 lme
584 752 688 804 poenae
699 753 792 805 genus,

142 809 296 872 Meritoque
307 807 420 872 placuit:
432 808 555 856 ultimum
568 821 687 872 agnosco
699 805 794 856 scelus.

141 877 249 936 Anime,
261 875 420 941 patrandum
434 874 487 924 cstl
509 875 600 924 Liberi
611 875 744 940 quondum
755 875 817 937 mei,

143 943 202 995 Ves
214 959 263 1009 pro
274 945 394 1010 paternis
405 944 553 994 sceleribus
564 957 667 1008 peenas
677 941 752 992 datel
764 965 797 982 -ι

145 1014 198 1062 Cor
208 1011 311 1078 pepulit
322 1010 431 1075 horror,
442 1013 564 1063 membra
574 1017 733 1076 torpescunt
742 1012 814 1079 gelu,

143 1082 296 1147 Pectusque
307 1082 424 1131 tremuit.
461 1083 504 1131 lra
515 1081 639 1131 discessit
648 1081 720 1142 loce,

142 1149 287 1216 Materque
298 1155 358 1200 teta
369 1151 483 1218 coniuge
495 1148 607 1216 expulsa
618 1149 695 1199 redit.
788 1192 791 1200 ,

143 1219 229 1284 Egon'
240 1225 271 1268 ut
280 1231 402 1270 meorum
415 1215 528 1268 liberum
540 1233 572 1268 ac
584 1217 667 1283 prolis
678 1232 756 1269 meae

143 1287 266 1337 Fundam
277 1286 418 1339 eruoreml
439 1287 551 1349 Melius,
564 1285 612 1349 alr,
624 1287 733 1337 demens
745 1284 832 1337 furori

144 1355 315 1422 Incognitum
325 1356 398 1406 istud
409 1355 514 1407 facinus
526 1370 558 1405 ee
569 1355 655 1404 dirum
667 1353 743 1404 nefas
894 1353 941 1404 ert

145 1425 166 1474 Α
176 1439 219 1474 me
239 1439 345 1490 queque
356 1423 438 1474 absit!
459 1424 539 1484 Quod
550 1423 638 1472 scelus
648 1423 742 1471 miseri
751 1421 841 1472 luenti

147 1490 241 1542 Scelus
252 1498 294 1541 est
305 1494 384 1542 lason
395 1487 515 1558 genitor,
527 1495 555 1539 et
564 1491 650 1540 maius
660 1490 749 1539 seclus

145 1559 245 1610 Medea
254 1566 349 1608 mater.
363 1585 394 1596 -—
409 1554 556 1609 occidant!
575 1573 629 1608 non
640 1563 703 1608 sunt
712 1559 773 1608 mei.
785 1581 817 1594 2-

145 1626 283 1678 Pereantl
302 1628 358 1678 Mei
367 1633 443 1688 sunt;
455 1628 564 1676 erimine
577 1633 605 1676 et
616 1627 695 1692 culpa
707 1631 807 1676 carent.
819 1651 851 1664 ··-

146 1693 215 1746 Sunt
224 1697 396 1756 innoeentes,
408 1695 510 1744 fatenrr
521 1700 549 1744 et
557 1694 643 1743 frater·
653 1693 712 1743 luit.
896 1693 946 1744 925
958 1729 960 1734 ι

145 1764 229 1826 Quid,
242 1764 341 1824 anime,
354 1762 473 1812 titubant
493 1777 542 1812 cra
553 1762 616 1826 quid
628 1762 756 1810 lacrimae
767 1763 864 1829 rigant,

143 1833 309 1898 variamque
321 1845 392 1881 nune
403 1829 456 1880 huc
466 1831 521 1892 ira,
533 1845 604 1878 nunc
613 1829 678 1878 illuc
693 1841 770 1879 amer

142 1900 268 1962 Dldueit‚
280 1914 379 1965 anceps
391 1904 482 1949 aestus
492 1900 626 1950 incertam
636 1896 726 1964 rapiti

142 1971 178 2020 Ut
189 1983 271 2019 saeva
281 1969 368 2034 rapidi
380 1969 521 2020 bellacum
532 1969 605 2018 venti
617 1972 727 2034 gerunt,

142 2039 273 2104 Utrinque
284 2036 382 2088 fluctus
394 2039 479 2088 meria
490 2037 628 2087 discordes
640 2040 733 2102 agunt,
895 2035 945 2086 93⁰

142 2106 316 2173 Dubiumque
328 2105 441 2174 pelagus
453 2106 553 2156 ferret:
565 2103 637 2154 haud
650 2104 729 2154 aliter
739 2115 828 2154 meum

143 2176 197 2226 Cor
208 2173 365 2226 fluctuatur.
401 2175 446 2225 lra
455 2177 585 2240 pietatem
596 2173 682 2240 lugat,

141 2241 267 2310 iramque
279 2246 375 2311 pietas.
412 2245 484 2294 Cede
496 2243 606 2310 pietati,
620 2240 710 2291 dolor!

143 2313 219 2374 lluc,
231 2328 295 2362 cara
305 2312 410 2379 proles,
421 2314 529 2362 unicum
541 2310 666 2361 addictae
677 2309 773 2358 domus
872 2335 877 2346 ·

145 2378 407 2444 Solamen,hueves
420 2375 727 2442 ferte,etinsusesmilli
894 2377 944 2430 935

146 2448 304 2516 Coniungite
316 2448 405 2500 artus!
425 2449 524 2501 habeat
533 2448 681 2498 incolumes
693 2451 780 2512 pater,

143 2514 215 2565 Dum
228 2523 255 2567 et
265 2523 352 2569 mater
362 2516 474 2569 habeat!
485 2519 614 2584 *Urget
626 2515 733 2565 exilium
745 2529 778 2565 sc
787 2512 861 2582 iuga.
872 2560 875 2564 .

143 2584 255 2634 lamium
266 2599 326 2637 meo
337 2589 478 2653 rapientur
490 2587 575 2640 avulsi
586 2601 601 2636 e
612 2582 684 2634 sinu!

142 2653 267 2716 Flentes,
277 2662 430 2722 gementes,
442 2653 559 2706 necnlisi
571 2677 602 2690 -
615 2652 734 2704 Pereunt
744 2651 828 2718 patri3

142 2722 254 2777 Periere
265 2725 354 2775 matri.
391 2727 495 2777 Rursus
505 2722 635 2776 increscit
645 2719 732 2784 dolor,
896 2720 946 2772 94⁰
