2280 3088
281 187 568 244 HIPPOLYTUS.
603 195 693 248 tc'r.
713 199 733 250 Ι.
865 203 915 254 115

115 290 266 342 Teutemus
277 292 395 342 animum
406 294 510 344 tristem
525 299 553 346 et
562 297 771 354 intractabilem.

114 359 193 411 Meus
203 361 255 410 iste
266 359 344 410 labor
355 367 397 411 est
408 361 519 428 adgredi
530 364 654 415 iuvenem
666 365 762 436 lenum,

113 427 289 496 Montemque
300 443 409 480 saevam
421 429 531 483 flectere
542 431 652 486 immitis
663 437 721 488 virl.

427 617 608 666 CHOIWS·

174 710 257 755 mnata
267 711 345 760 emerr‘
351 715 437 764 cellere,
449 705 549 760 tumim
559 717 632 762 omnis
642 717 699 770 leri,
716 721 812 772 aeteta'r.
835 725 914 768 cundi-

116 767 193 817 tt'om'r‚
208 767 270 822 ipset
280 773 331 812 nens
340 781 465 824 superatae
472 770 568 828 inferus.
580 774 737 832 quiaetlrut«
745 777 859 822 mimnrn
870 787 915 822 ter-

115 822 210 872 restria.
222 823 347 880 aquatilia,
358 826 433 868 a'e'rr'm

113 911 198 976 Diva,
210 930 263 964 non
274 917 332 966 miti
342 921 474 983 generata
483 924 578 984 ponto,
863 927 914 978 tta

114 982 203 1042 Quam
214 991 296 1033 vocat
307 991 420 1034 matrem
432 988 554 1052 gentinus
566 989 679 1058 Cupido,

113 1052 254 1116 lmpotens
266 1051 379 1104 tannis
390 1053 469 1104 simul
480 1059 510 1106 et
519 1058 637 1124 sagittis,

112 1119 166 1169 iste
177 1119 294 1169 lascivus
306 1121 379 1171 Puer
389 1135 421 1171 ae
433 1123 558 1174 renidens

113 1187 184 1238 Tela
194 1203 274 1254 quam
286 1195 361 1239 certe
374 1190 533 1242 moderatur
542 1193 619 1246 urcul

113 1255 245 1324 [Labitur
255 1262 328 1306 totas
339 1255 414 1307 furor
424 1260 452 1308 in
462 1261 602 1328 medullas,

111 1327 179 1392 lgne
191 1322 291 1374 furtivo
302 1325 448 1391 populante
460 1329 566 1398 venas]

112 1393 173 1446 Non
185 1390 267 1443 habet
277 1394 361 1444 latum
372 1395 436 1446 data
446 1395 529 1464 plaga
537 1397 665 1460 frontem.

111 1460 167 1511 Sed
178 1467 256 1511 vorat
268 1468 355 1512 tectas
369 1465 475 1528 penitus
487 1467 625 1520 medullas.

112 1529 192 1580 Nulla
202 1543 254 1594 pax
267 1531 312 1580 isti
322 1531 426 1582 Puero:
438 1535 593 1600 perurbane

111 1597 222 1664 Spargit
233 1597 331 1650 effusas
343 1601 419 1666 agilis
430 1603 558 1670 sagittas5

112 1667 242 1732 Quaeque
252 1676 407 1719 nascentem
419 1671 493 1721 videt
504 1685 553 1722 ora
563 1673 657 1736 solem,

110 1736 240 1801 Quaeque
251 1737 286 1786 ad
297 1738 443 1804 Hesperias
453 1741 526 1792 iacet
537 1755 585 1790 era
597 1745 693 1804 metas,

110 1801 139 1852 Si
151 1818 204 1869 que
214 1801 328 1855 ferventi
339 1807 461 1860 subiecta
473 1811 577 1858 Cancro
589 1815 639 1872 est,

110 1869 140 1920 Si
151 1886 205 1937 qua
214 1871 375 1926 Parrhasiae
386 1877 507 1942 glacialis
518 1875 604 1928 Ursae

110 1937 224 2004 Semper
236 1949 356 1994 errantes
367 1947 470 2010 patitur
481 1945 602 2010 colonos,

109 2007 193 2058 Novit
204 2006 252 2060 lios
263 2018 362 2062 aestus.
398 2014 527 2064 Iuvenum
538 2014 647 2068 feroces

110 2076 237 2127 concitat
247 2077 383 2142 flammas,
395 2083 646 2150 senibusquelessls

108 2145 211 2196 Rursus
222 2149 358 2199 extinctos
370 2157 482 2202 revocat
493 2152 612 2218 calores3

107 2213 250 2280 virginum
259 2218 354 2283 ignoto
368 2217 431 2270 ferit
441 2221 503 2288 igne
515 2227 623 2286 pectus·

106 2283 144 2332 Et
152 2283 229 2334 iubet
239 2285 316 2334 coelo
328 2284 447 2352 Superos
458 2287 553 2340 relicto

107 2349 234 2402 Vultibus
245 2351 320 2404 falsis
333 2353 456 2407 habitere
465 2363 562 2410 terras.

108 2417 233 2471 Thessali
243 2420 370 2474 Phoebus
383 2427 489 2490 pecoris
501 2427 631 2493 magister

106 2486 171 2553 Egit
182 2496 348 2554 armentum,
361 2495 502 2562 positoque
514 2497 619 2564 plectro

106 2555 207 2624 Imperi
217 2563 311 2610 tauros
324 2561 428 2612 calamo
440 2565 556 2614 vocarit.

106 2624 195 2675 Induit
205 2625 307 2678 formas
319 2633 424 2696 quoties
435 2633 553 2682 minores

105 2693 180 2758 lpse,
192 2697 236 2761 qui
248 2696 353 2748 coelum
363 2699 527 2766 nebulasque
539 2699 625 2750 ‹luciti
697 2765 750 2814 m
