2274 3086
266 227 544 283 aoauemuou.
580 211 668 280 acu
687 231 721 282 ιι.
762 265 773 280 .
842 230 890 280 am

86 341 192 402 Ausae3
204 335 277 404 quod
289 333 385 384 ardens
396 333 480 399 impia
489 333 565 400 virgo
576 329 647 392 face,

87 407 225 462 Phasiaca
236 403 343 470 fugiens
353 416 439 468 regna
449 398 609 450 Thessalica
618 399 709 452 trabe:
842 403 893 452 120

87 479 218 536 Ferrum,
228 469 344 523 venena!
365 469 408 526 vel
418 469 585 534 Mycenaeas
597 467 702 536 densos„

89 546 244 597 Coniuncta
254 541 343 600 socio,
355 537 470 604 profuge
483 537 584 587 furtiva
593 536 665 589 rate!

90 612 165 676 Quid
176 610 271 662 timida
280 607 398 674 loqueris
409 605 484 655 furta
495 612 523 656 et
533 607 642 665 exilium
654 610 682 656 et
691 605 787 676 sugas!

91 681 179 732 Soror
189 681 243 729 ista
252 676 333 737 fecit;
344 681 372 724 tc
383 675 463 726 decet
472 677 559 726 maius
571 673 657 726 nefas.

91 765 110 800 s
118 765 136 800 u
144 763 195 798 aa.
207 747 311 812 Reff'na
321 745 446 794 Danaum
458 749 486 794 et
495 743 616 794 inclitum
628 743 723 796 Ledae
733 759 829 814 genus,
845 745 896 796 125

93 817 169 880 Quid
179 817 265 866 tacita
274 827 380 874 versas,
391 812 502 882 quidve„
514 813 618 868 consilii
629 813 774 880 impotens,

92 885 213 938 'l'umido
224 882 332 932 feroces
342 883 459 946 impetus
471 882 560 938 animo
571 875 660 952 galisi

92 956 176 1006 Licet
185 954 246 1018 ipsa
257 951 350 1012 sileas,
362 955 438 1000 totus
447 949 474 1000 io
486 949 562 998 vultu
573 949 710 1004 estdolor.

94 1024 180 1076 Proin
191 1019 320 1088 quidquid
332 1023 387 1080 est,
398 1019 433 1068 da
442 1023 550 1084 tempus
561 1033 593 1074 ac
603 1019 722 1088 spatium
734 1017 792 1084 tibi.

93 1091 176 1156 Quod
186 1091 256 1140 ratio
268 1089 403 1154 nunquit,
416 1101 497 1156 saepe
509 1089 614 1137 sanavit
625 1103 710 1154 mora.
848 1090 899 1141 130

97 1175 137 1212 cu
146 1173 195 1210 uu.
206 1159 314 1208 Maiora
329 1157 466 1218 cruciant,
482 1171 563 1228 quam
578 1162 609 1216 ut
619 1172 710 1224 moras
721 1159 823 1228 possim
834 1157 900 1224 pati.

94 1230 235 1281 Flammae
246 1223 376 1276 medullas
387 1229 415 1276 et
427 1239 475 1276 cor
485 1231 602 1275 exurunt
612 1241 715 1296 meum3

94 1298 200 1350 Mixtus
211 1295 299 1346 dolori
310 1293 430 1346 subdidit
439 1295 563 1354 stimulos
574 1295 665 1358 timor,

94 1366 201 1418 Invidia
211 1363 301 1430 pulsat
312 1368 418 1428 pectus.
454 1363 526 1428 Hinc
538 1364 656 1418 animum
666 1365 731 1434 lugo

95 1434 201 1486 Premit
211 1432 316 1498 Cupido
327 1432 428 1496 turpis,
440 1437 468 1482 ct
478 1431 549 1480 vinci
559 1437 648 1498 vctat3
850 1431 901 1482 135

95 1503 135 1554 Et
144 1504 215 1552 inter
223 1502 290 1550 istas
301 1501 400 1560 mentis
411 1498 539 1549 obsessae
550 1498 635 1561 iaces,

96 1571 199 1623 Fessus
211 1567 318 1635 quidem
329 1573 358 1616 ot
368 1567 489 1618 deiectus
499 1576 529 1618 ct
538 1568 737 1637 pessumdatus,

97 1639 194 1692 Pudor
204 1635 326 1694 rebellat.
362 1635 502 1687 Fluctibus
512 1637 594 1700 variis
605 1651 681 1706 agos,

97 1709 148 1770 ut,
160 1703 293 1757 cumhinc
304 1703 467 1770 profundum
478 1710 589 1766 ventus,
600 1703 663 1770 hiae
675 1711 766 1755 aestus
777 1707 858 1775 rapit,

97 1775 207 1828 Incerta
218 1773 325 1824 dubitat
335 1773 420 1834 unda,
433 1772 474 1824 cui
487 1771 568 1822 cedat
578 1773 659 1842 malo,
851 1775 903 1824 110

98 1843 218 1897 Proinde
229 1843 306 1892 omisi
317 1843 438 1910 regimen
451 1855 466 1890 e
477 1841 600 1892 manibus
610 1843 677 1892 meis

101 1913 269 1981 Quocunque
281 1925 324 1960 me
334 1909 388 1970 ica,
401 1924 454 1976 quo
465 1908 556 1970 dolor,
567 1925 620 1976 q-uo
632 1924 695 1979 spes
706 1907 786 1974 ieret,

99 1982 163 2032 lluc
173 1982 213 2030 ire
225 1994 349 2045 pergam3
360 1977 486 2030 fluctibus
498 1977 621 2034 dedimus
632 1985 727 2030 ratem.

99 2049 151 2101 Ubi
163 2049 268 2099 animus
280 2052 367 2110 errat,
378 2047 509 2114 optimum
520 2053 563 2102 est
573 2063 666 2098 casum
677 2049 761 2116 sequi.

101 2131 168 2168 uua
176 2131 202 2166 a.
214 2117 304 2168 Coeca
314 2121 356 2168 cst
364 2117 518 2190 temeritasz
530 2131 599 2183 quac
610 2118 679 2188 petit
691 2133 784 2168 casum
795 2117 847 2168 du·
869 2185 903 2236 4⁵

617 2202 685 2240 cm.
851 2189 866 2236 1
911 2227 913 2232 .

103 2269 200 2306 casu.
211 2253 260 2305 Cui
270 2253 366 2304 ultima
376 2258 419 2322 est
430 2252 554 2316 fortuna,
566 2255 624 2324 quis
634 2201 744 2306 dubiam
757 2255 852 2320 timet!

101 2325 200 2374 suia.
212 2323 288 2373 'l‘uta
298 2327 341 2376 est
349 2321 470 2390 latetque
482 2323 574 2391 culpa,
585 2324 608 2375 si
618 2326 734 2392 pateris,
745 2331 801 2392 tua,

104 2405 199 2442 cusu.
209 2391 337 2443 Perlucet
348 2407 427 2452 omne
437 2391 529 2462 regiae
539 2393 634 2444 vitium
646 2393 750 2444 domus.

101 2473 202 2510 suaa.
213 2459 294 2530 Piget
304 2461 415 2526 prioris,
428 2467 456 2513 et
467 2477 565 2522 novum
578 2464 679 2514 crimen
691 2460 791 2520 struisl

104 2541 200 2578 caua.
211 2527 265 2578 Res
276 2535 318 2586 est
329 2523 453 2595 proiecto
464 2530 548 2588 stulta
559 2533 696 2600 nequitiae
706 2531 812 2598 modus.
853 2532 904 2580 150

103 2609 202 2646 suus.
215 2595 294 2656 Quod
306 2601 415 2659 metult,
428 2604 524 2667 auget,
536 2601 580 2665 qui
591 2601 680 2654 scelus
690 2599 794 2653 scelere
804 2596 903 2650 obruit.

106 2679 201 2714 caua.
212 2661 248 2714 lit
258 2663 360 2716 ferrum
373 2673 401 2716 et
411 2667 480 2734 ignis
491 2663 573 2734 saepe
584 2669 734 2734 medicinae
744 2665 805 2720 loco
818 2673 867 2719 est.

104 2746 203 2785 suus.
214 2733 346 2784 Extrema
355 2735 443 2801 ptimo
455 2749 534 2785 nemo
545 2737 660 2787 tentavit
669 2736 740 2786 loco.
