2262 3082
225 216 257 266 12
410 211 444 262 L.
462 211 618 263 ΑΝΝΛΕΙ
637 212 828 266 SENECAE

286 314 355 376 Quid
366 313 473 364 stabula
483 329 630 365 mensorem
642 316 700 365 (lira
709 316 826 366 Bistonii
834 315 939 432 graphi,

284 382 399 448 Suisque
408 397 500 448 regem
512 383 642 446 pabulum
650 385 778 433 armentis
789 385 882 433 (latum
969 402 972 408 ·

284 449 452 516 Solitumquc
464 451 553 499 densis
565 449 697 516 bispidum
712 451 871 515 Erymanthi
882 453 953 516 iugis

284 518 399 567 Arcadia
411 524 524 583 quatere
534 533 646 568 nectura
655 519 818 570 Maenalium
829 519 922 572 sueml

225 587 275 638 230
287 587 463 650 Taurumque
473 592 580 636 centum
592 601 644 634 non
655 587 741 635 lcrem
753 587 860 652 populis
870 585 989 638 metum!

285 654 358 703 lntcr
368 654 750 718 remotos'gentisllcspcriae
763 669 861 720 greges

285 722 384 771 Pastor
395 719 525 770 triformis
536 720 634 770 littoris
645 722 779 772 Tartessii

284 789 439 849 peremtus,
452 795 517 838 acta
528 795 570 838 est
580 789 682 853 pracda
692 789 725 838 ab
737 804 838 839 occasu
848 789 957 852 ultim0;

197 802 218 920 pl
284 857 385 906 Notum
396 855 541 906 Cithaeron
554 859 628 922 parit
639 857 749 907 Oceano
760 872 852 922 pecus.

225 925 274 976 235
286 925 434 974 Penetrare
444 925 533 972 iussus
544 925 609 974 selis
621 927 715 974 aestivi
728 927 834 991 plagas,

284 993 321 1042 Et
332 991 429 1040 adusta
439 991 544 1040 medius
554 1006 640 1054 regna
649 1008 718 1057 quae
729 999 817 1042 torret
825 995 896 1055 dics,

284 1059 424 1125 Utrimque
436 1064 542 1108 memes
553 1058 644 1107 solvit:
657 1059 772 1124 abrupto
784 1061 872 1110 obiice

281 1127 385 1176 ¹laetam
396 1127 485 1176 ruenti
495 1125 561 1178 lecit
573 1127 684 1177 Oceano
695 1129 773 1176 viani.

284 1195 352 1246 Post
362 1192 443 1255 baec,
456 1195 568 1244 adortus
579 1195 696 1244 senioris
707 1195 828 1260 opulenti
837 1195 947 1260 domos,

224 1266 274 1316 24⁰
285 1261 410 1312 Aurifera
420 1263 507 1328 vigilis
518 1263 605 1326 spolia
615 1266 747 1330 serpentis
759 1263 828 1313 tulit.

285 1327 371 1392 Quicll
383 1345 465 1380 saeva
476 1331 584 1380 Lernae
595 1339 724 1392 monstra,
735 1347 907 1384 numerosum
913 1334 1023 1398 malum,

283 1398 344 1450 Non
356 1400 418 1465 igne
430 1399 536 1448 demum
548 1401 612 1450 vicit
623 1405 651 1448 et
661 1400 753 1449 docuit
764 1399 849 1450 nictit

285 1466 438 1533 Solitasque
451 1469 544 1533 pennis
555 1468 672 1518 condere
685 1469 810 1518 obductis
824 1469 896 1520 (ilem

283 1535 368 1585 Pctiit
378 1536 411 1584 ab
422 1537 487 1600 ipsis
499 1536 613 1585 nubibus
626 1534 846 1602 Stymphalidasl

224 1604 274 1653 245
287 1602 347 1653 Non
359 1604 423 1652 vicit
432 1603 506 1652 illum
518 1604 627 1654 caelibis
639 1620 745 1670 semper
756 1607 809 1654 turi

283 1671 387 1738 Regina
397 1673 486 1738 gentis
497 1671 578 1728 vidua
588 1671 833 1728 'l'bermodcntiam

283 1739 341 1790 Nec
352 1741 387 1788 ad
398 1755 478 1789 omne
488 1740 590 1790 clarum
602 1739 706 1791 lacinus
718 1742 836 1794 audaces
848 1757 944 1794 manus

285 1805 402 1858 Stabulis
415 1807 519 1875 fugavit
530 1811 616 1875 turpis
627 1813 728 1877 Augias
740 1811 825 1862 labor.

285 1876 355 1935 Quid
365 1878 419 1926 ista
430 1877 560 1942 prosuntl
579 1877 653 1928 Orbe
664 1879 777 1930 defenso
789 1885 874 1930 caret.

223 1942 274 1993 25⁰
286 1940 401 1992 Sensere
412 1951 502 1993 terrae
513 1945 588 2008 pacis
599 1954 739 1998 auctorem
750 1961 815 1996 suae

284 2011 384 2060 Abesse
396 2013 483 2060 terris.
520 2011 684 2074 Prosperum
696 2028 728 2061 ac
740 2013 805 2062 felix
817 2013 905 2064 scelus

283 2079 377 2130 Virtus
389 2085 516 2140 rosatum
528 2079 651 2128 sentibus
664 2087 759 2144 parent
769 2081 833 2132 boni
838 2097 848 2146 3

282 2147 327 2196 lus
340 2147 418 2197 estin
431 2149 527 2206 armis,
539 2148 667 2212 opprimit
676 2147 750 2214 leges
761 2150 851 2198 timor.

282 2215 350 2264 Ante
362 2215 473 2263 previdi
485 2221 579 2264 nostra
591 2215 744 2266 truculenta
754 2232 835 2266 manu

224 2281 274 2331 255
287 2281 392 2332 Gnatus
403 2279 507 2347 paterni
520 2281 617 2332 cadere
630 2285 705 2350 regni
715 2285 849 2346 vindices,

283 2349 426 2416 ipsamque
439 2350 531 2400 caum
543 2351 640 2400 nobilis
651 2353 761 2417 stirpem
773 2353 906 2409 ultimam,

284 2417 416 2468 Occidere
428 2437 434 2481 3
447 2419 500 2467 vidi
512 2419 615 2486 regium
628 2421 725 2485 capitis
736 2421 819 2471 (lacus

283 2487 349 2536 Cum
363 2487 451 2552 capite
462 2491 578 2552 raptum.
616 2488 682 2548 (luis
693 2491 759 2540 satis
772 2487 881 2540 'l'lrebas
892 2487 974 2540 lleatl

180 2603 188 2613 ,
282 2555 371 2604 Feras
382 2555 493 2604 deorum
506 2562 593 2617 terra,
604 2571 684 2628 quem
697 2557 833 2610 domicum
844 2558 951 2618 tremis,

186 2611 196 2640 ‘
224 2623 274 2675 260
285 2623 308 2675 E
320 2624 396 2674 culus
408 2624 478 2696 arvis
489 2637 557 2691 eque
569 2623 704 2676 foecundo
715 2627 775 2676 sinu

190 2692 195 2734 l
282 2689 384 2744 Stricta
396 2693 520 2746 iuventus
531 2699 593 2746 orta
603 2709 665 2745 eum
676 2693 749 2746 ferre
760 2697 837 2750 stetit
842 2711 850 2760 ς
