2280 3088
240 179 292 228 ΤΗ
412 178 445 228 L.
474 179 628 230 ANNAEl
660 179 850 232 SENECAE

300 281 396 334 Odisse
409 281 516 348 placuit.
553 282 661 348 lgnibus
671 283 765 348 iunges
777 298 869 349 aquas,

239 351 291 400 oto
302 353 339 401 Et
349 353 436 402 antica
447 351 549 400 ratibus
561 357 624 400 ante
637 352 776 416 promittet
785 351 856 401 rada

299 422 408 472 Incerta
419 418 521 484 Syrtis,
532 424 595 468 ante
606 420 640 468 ab
652 425 774 470 extremo
785 420 843 468 simr

299 489 434 556 Hesperia
444 485 551 551 'l'ethys
562 487 679 536 luoldum
692 488 798 537 attollet
809 487 889 549 diem,
981 483 984 487 ’

299 557 335 607 Et
346 572 395 607 ora
406 555 491 605 damis
502 554 601 604 blanda
611 555 779 621 praebebunt
788 556 852 621 lupi,

299 626 387 685 Quam
398 625 485 674 vietus
497 625 614 674 animum
625 622 741 674 sentinae
752 625 844 674 mitem
855 639 956 690 geram.

239 693 288 742 575
301 707 400 743 moro.
419 690 506 758 Saepe
519 692 661 742 obstinatis
671 691 758 741 induit
768 691 860 743 frenos
870 693 960 754 Amor,

299 763 336 812 Et
347 761 409 812 odia
419 767 512 810 nmtat.
549 761 643 826 Regna
652 765 774 810 materna
785 761 909 826 adspice:

300 830 364 880 lllae
376 829 481 879 feroces
492 829 611 878 sentiunt
622 827 735 879 Veneris
745 831 847 896 iugum.

299 899 422 950 'l'estaris
432 897 504 946 istud
517 898 611 946 unicus
622 898 710 963 gentis
722 912 798 963 puer.

300 981 336 1015 ιιι
344 980 358 1014 r
366 980 390 1014 r.
410 963 535 1015 Solamen
545 980 628 1014 unum
640 967 734 1016 matris
745 966 859 1015 antissae
870 964 938 1026 fero,

239 1033 290 1082 580
303 1034 398 1084 Odisse
410 1032 479 1099 quod
490 1033 543 1081 iam
554 1033 668 1082 feminae
680 1047 772 1084 omnes
782 1033 854 1083 licet¹

300 1115 398 1150 sora.
419 1102 453 1150 Ut
463 1099 531 1150 dura
542 1107 636 1152 cautes
647 1102 763 1168 undique
775 1100 952 1151 intractabilis

299 1170 410 1222 Resistit
420 1168 511 1229 undis,
523 1175 551 1219 et
560 1169 725 1220 lacessentes
738 1185 820 1236 aquas

300 1238 394 1303 Longe
406 1237 532 1298 remittit,
544 1238 627 1287 rerba
637 1239 676 1288 sic
687 1241 791 1304 spernit
801 1253 870 1288 mea.

300 1305 355 1356 Sed
365 1303 490 1355 Phaedra
500 1321 631 1372 praeceps
636 1307 771 1373 graditur,
781 1307 926 1370 impatiens
932 1321 1032 1358 morae.
1128 1327 1129 1332 ¹

239 1375 289 1424 585
303 1375 363 1434 Quo
374 1389 403 1424 se
415 1374 489 1424 dabit
499 1373 625 1424 lor-tunel
637 1390 689 1440 quo
702 1381 796 1441 verget
806 1373 899 1425 furori
985 1419 988 1424 .

299 1444 402 1494 Terrae
414 1448 524 1508 repente
536 1458 634 1509 corpus
646 1444 799 1494 exanimum
810 1443 917 1502 accidit.

298 1513 333 1561 Et
344 1526 392 1560 ora
402 1511 484 1561 morti
496 1512 588 1562 similis
599 1511 713 1562 obduxit
723 1511 807 1562 color.

299 1579 398 1629 Attolle
410 1579 510 1641 vultus,
522 1580 628 1630 dimove
641 1582 715 1630 vocis
725 1595 828 1630 moras:

299 1649 375 1698 'l'uus
386 1663 432 1710 en,
444 1647 563 1710 alumna,
574 1654 658 1698 temet
669 1649 834 1715 Hippolytus
845 1648 932 1698 tenet!

239 1833 472 1894 russone,
509 1831 804 1892 weimodo,
837 1833 1030 1894 ,veratro

535 1934 731 1980 ramosa
816 1917 817 1922 ’

292 2027 380 2070 luoem's
388 2029 525 2083 pudicitiam
534 2029 597 2072 omns·
606 2037 656 2073 arte
670 2039 818 2086 oppugnant,
828 2037 868 2076 sed
875 2032 983 2090 frustra.-
994 2035 1027 2076 od

232 2082 342 2137 fraudem
351 2084 428 2140 itaque
439 2085 576 2140 confitgdmt
584 2093 608 2128 et
617 2087 748 2130 calumnias.

236 2173 286 2224 59⁰
298 2187 349 2223 err.
369 2175 435 2235 Quis
444 2190 487 2226 me
497 2174 584 2225 dolori
594 2177 696 2240 reddit,
707 2183 789 2246 atque
800 2185 891 2230 aestus
901 2194 997 2246 graves

297 2243 414 2308 lleponit
429 2242 536 2293 animo!
557 2245 644 2304 Quam
654 2245 724 2297 bene
735 2247 889 2298 excideram
899 2245 976 2296 mihil
997 2273 1029 2284 α-

296 2325 354 2360 rrrr
362 2323 386 2360 r.
406 2311 546 2362 cordulae
559 2328 653 2364 munus
664 2315 786 2366 redditae
797 2313 865 2366 lueis
876 2313 963 2381 fugis!

295 2393 346 2428 ers.
357 2379 441 2442 dude,
448 2379 547 2434 anime!
558 2382 646 2432 tental
662 2398 762 2451 perage
776 2383 932 2434 mandatum
943 2381 1032 2434 tuum:

294 2447 432 2512 lntrepldo
443 2456 567 2500 constent
577 2452 673 2502 rerba:
685 2453 730 2519 qui
739 2451 832 2502 timide
844 2456 932 2518 roget,

234 2514 285 2566 595
299 2517 387 2566 Docet
398 2532 504 2584 negare.
540 2520 643 2584 Magna
651 2536 714 2587 pars
724 2520 834 2572 sceleris
844 2521 899 2571 mei

295 2585 365 2636 Olim
378 2593 489 2650 peracta
500 2593 554 2636 est:
566 2603 642 2639 serus
653 2595 695 2640 est
705 2589 782 2640 nobis
794 2589 894 2655 pudor:

294 2655 446 2704 dotavimus
457 2654 587 2706 nefande:
598 2659 619 2708 sl
631 2663 731 2725 coepta
742 2672 874 2726 exequor,
