2280 3088
242 200 293 253 15⁸
458 197 492 248 1..
510 196 666 248 ANNAEI
685 193 875 248 SENECAE

302 314 369 352 000,
388 299 468 360 Quod
479 299 559 350 tarda
569 297 628 348 istu
640 304 682 350 est
691 298 796 364 lingue,
808 300 879 366 quod
891 301 997 368 quaerit

732 381 832 428 mores,

302 435 384 488 Haud
394 441 422 486 te
434 435 555 501 quidem,
567 435 750 500 magnanime,
762 437 854 484 mirari
865 435 992 487 addecet:

245 506 295 558 295
307 507 374 558 Visu
385 505 488 556 serenti
499 517 598 569 magna
610 518 672 566 pars
684 503 740 552 veri
751 501 827 552 latet.

306 573 360 625 Sed
371 587 423 640 quo
436 579 569 622 vocaturo
582 572 682 634 patrio,
695 587 747 636 quo
759 569 898 632 Phoebus,
910 585 1021 638 sequar:

305 645 376 694 Feta
387 646 526 690 eruantur.
563 637 591 688 Si
603 638 674 688 foret
685 639 777 689 viridis
788 637 854 688 mihi

305 709 467 774 calidusque
478 708 600 773 sanguis.
613 713 725 772 pectore
736 709 889 772 exciperem
900 707 987 758 deum.

306 779 438 844 Adpellite
448 778 502 826 en's
512 775 655 824 candidum
666 781 744 841 tergo
754 775 860 836 bovem,

246 849 297 899 300
310 850 450 912 Curioque
462 858 596 909 nunquam
607 843 677 892 eolla
688 843 844 908 depressum
854 843 931 910 iugo!

308 918 365 977 Tu,
375 915 443 963 lueis
453 914 575 976 inopem,
586 917 682 977 gnate,
693 913 845 976 genitorem
855 927 962 978 regens,

307 982 455 1034 Manifesta
466 981 536 1029 sacri
547 983 625 1044 signa
635 979 739 1028 iatidiei
749 979 829 1030 refer.

309 1065 384 1102 uss.
403 1049 500 1114 Opima
511 1055 619 1098 sanetas
630 1048 741 1097 victime
752 1054 815 1098 ante
827 1063 888 1098 ares
900 1049 984 1098 stetit.

309 1132 377 1168 000.
396 1118 426 1166 10
437 1122 502 1164 vote
512 1113 631 1180 Superos
641 1131 708 1166 voce
720 1116 833 1166 solemni
843 1131 920 1178 vocs,

249 1189 300 1242 305
310 1188 430 1251 Aresque
442 1184 513 1233 dono
524 1185 592 1233 turis
603 1184 655 1233 Eoi
667 1190 771 1234 extrue.

310 1269 384 1304 uss.
403 1254 459 1302 lem
471 1258 533 1300 tura
543 1253 627 1301 saeris
639 1252 766 1302 coelitum
777 1253 875 1318 ingessi
886 1251 955 1302 focis

310 1337 378 1372 rin.
397 1320 469 1382 Quid
478 1317 603 1370 flammai
618 1320 709 1386 largas
719 1321 807 1370 iamne
819 1319 989 1422 ‹ponipreudit
1000 1319 1048 1369 du

775 1401 823 1453 pes
832 1411 841 1436 .’

310 1471 385 1510 usu.
405 1455 500 1507 Subito
511 1455 618 1506 refulsit
628 1455 742 1517 lumine,
755 1465 783 1505 et
793 1456 883 1506 subito
894 1453 1003 1504 oceidit.

311 1541 379 1576 000.
398 1527 529 1576 Utrumne
540 1525 628 1574 clerus
639 1525 708 1590 ignis
720 1531 748 1575 et
758 1525 858 1574 nitidus
868 1523 953 1584 stetit,

249 1597 300 1648 310
308 1595 465 1659 'Rectusque
476 1609 572 1658 purum
582 1593 711 1642 verticem
724 1593 801 1644 coelo
812 1593 883 1652 tulit,

309 1666 345 1714 lit
355 1677 486 1713 summam
497 1663 525 1712 in
536 1675 616 1711 auras
627 1661 703 1711 fusus
715 1663 845 1726 explicuit
856 1673 976 1722 comsm3

309 1731 773 1795 Anlateracircumscipitineertus
785 1731 853 1790 vius,
986 1729 989 1736 '

309 1801 347 1850 Et
357 1799 505 1850 fluctuante
515 1798 638 1848 turbidus
650 1797 725 1847 fumo
736 1799 809 1848 labat

310 1883 329 1918 0
337 1883 386 1918 sn.
406 1866 466 1917 Non
476 1881 531 1916 una
541 1865 626 1916 iacies
637 1865 729 1916 mobili
740 1865 864 1918 ssanimae
875 1865 943 1916 fuit.-

251 1937 301 1988 315
313 1937 455 1986 lmbrileru
467 1935 552 2001 quulis
562 1935 683 2001 implicet
694 1936 783 1984 varios
794 1935 844 1984 sibi

310 2005 361 2054 lris
374 2003 494 2064 colores,
505 2009 583 2068 purte
595 2017 664 2070 quoe
676 2018 776 2070 magna
789 2003 845 2069 poli

312 2073 430 2124 curvata
439 2072 512 2136 picto
523 2072 630 2121 nuntiet
640 2071 745 2122 nimbos
756 2073 824 2122 sinu.

312 2141 379 2200 Quis
391 2139 459 2190 desit
468 2139 519 2200 illi,
531 2140 623 2205 quisve
634 2141 682 2200 sit,
694 2140 813 2201 dubites,
826 2137 917 2189 color.-

313 2208 444 2258 Caerulea
455 2207 534 2257 fulvis
545 2209 631 2258 mixte
642 2208 780 2258 oberravit
790 2209 875 2269 notis3

252 2276 303 2327 320
315 2274 469 2344 sanguines
478 2291 585 2334 rursus3
594 2276 689 2326 ultime
699 2277 726 2326 in
737 2277 864 2327 tenebras
875 2275 939 2326 eblt.

196 2341 201 2352 '
313 2343 367 2395 Sed
380 2343 458 2396 eeeel
479 2358 587 2411 pugnax
596 2345 665 2412 ignis
675 2345 701 2394 in
714 2352 806 2412 partes
817 2345 884 2396 duas

312 2413 449 2470 Discedit.
461 2418 490 2462 00
501 2428 529 2462 se
541 2413 641 2464 scindit
651 2414 730 2464 unius
740 2413 812 2464 socri

313 2481 426 2532 Discors
439 2479 538 2531 invilla.
575 2479 702 2543 Genitor,
712 2479 842 2532 borresco
853 2483 977 2532 intuenst

313 2550 414 2600 Libotu
424 2547 527 2600 Bacchi
537 2549 610 2600 dona
620 2556 746 2615 permuta
756 2566 846 2616 eruor,

254 2618 304 2669 325
314 2619 457 2685 Ambitque
467 2617 565 2668 densus
575 2619 679 2684 regium
689 2617 778 2668 iunius
790 2625 882 2684 eaput.

314 2688 444 2754 lpsosque
456 2688 530 2737 cirea
540 2687 653 2754 spissior
663 2686 752 2737 vultus
763 2686 849 2748 sedet,
