2280 3088
230 185 281 233 112
444 182 477 233 L.
505 180 659 237 ΛΝΝΔΕΙ
679 179 868 236 SENECAE

289 285 430 336 Commisit
440 299 570 350 unquam,
583 299 635 333 non
648 283 709 349 vagi
720 286 822 349 campis
834 285 932 347 Getae,

273 411 276 418 ¹
290 353 348 404 Noe
357 351 526 419 inhospitalis
536 353 659 413 Taurus,
671 357 717 401 aut
728 367 838 417 sparsus
851 350 982 419 Scythes!
1048 396 1051 400 .

229 423 280 474 tto
291 421 403 488 Expelle
415 422 519 472 facinus
530 427 621 471 mente
633 420 756 470 castifica
766 418 922 485 horridum3

289 492 448 556 Memorque
459 491 565 549 matris,
577 494 666 538 metue
680 489 840 538 concubitus
852 504 945 540 novos.

290 560 406 609 Miscere
416 557 551 608 thalamos
562 558 646 622 patris
658 562 685 606 et
696 559 770 622 gnati
782 557 908 624 adparas,

290 627 427 694 Utercque
437 626 542 692 prolem
554 639 651 691 capere
663 623 802 675 contusam
813 625 914 691 implut

272 729 277 740 ·
291 695 392 762 Perge,
406 700 434 746 et
443 693 565 746 nefandis
575 701 651 743 verte
664 701 788 743 naturam
798 694 917 761 ignibus!

232 763 281 814 tto
294 766 348 815 Gur
358 769 479 814 monstra
490 761 616 814 cessanti
632 761 694 810 aula
704 777 753 811 cur
763 761 855 814 fratris
866 763 963 814 vaceti

291 832 421 899 Prodigia
431 833 513 882 toties
524 831 597 881 orbis
607 831 715 891 insueta
725 831 826 894 audiet,

291 900 398 951 Natura
409 903 491 951 toties
501 900 606 965 legibus
618 898 698 948 cedet
708 901 772 960 suis,
1030 954 1033 958 ,

293 969 407 1030 Quoties
418 969 519 1018 amabit
530 965 642 1018 Cressa?
654 980 706 1016 ra.
723 967 798 1027 Quae
809 983 958 1030 memoras,
974 970 1031 1020 scio
1125 1023 1126 1032 ,

293 1037 368 1088 Vera
378 1053 437 1089 esse
443 1074 451 1100 ,
461 1037 566 1098 nutrix3
578 1035 626 1085 sed
635 1034 713 1085 furor
724 1037 799 1102 cogit
809 1038 886 1104 sequi

232 1106 400 1156 180Peiora.
437 1105 520 1168 Vadit
531 1105 634 1154 animus
644 1104 671 1152 in
682 1119 813 1172 praeceps
825 1106 913 1156 sciens
1125 1149 1126 1170 ,

291 1175 474 1241 Remeatque,
484 1172 588 1222 frustra
597 1187 662 1222 sane
675 1173 788 1223 consilia
798 1173 937 1240 adpetens.
1008 1230 1011 1235 ,
1125 1177 1126 1242 l

292 1244 337 1296 Sic
349 1258 410 1294 cum
419 1247 560 1311 gravatam
572 1243 663 1290 nauta
675 1240 790 1292 adversa
800 1249 886 1294 ratem

291 1312 423 1377 Propellit
432 1312 518 1372 unda,
530 1309 602 1360 cedit
611 1310 638 1358 in
649 1325 746 1359 vanum
756 1311 850 1374 labor,

291 1383 328 1432 Et
338 1381 410 1431 victa
421 1394 506 1446 prono
519 1379 616 1444 puppis
628 1377 839 1429 auferturvadu.

232 1452 282 1502 185
294 1448 365 1512 Quid
376 1450 447 1499 ratio
457 1445 559 1515 possita
571 1446 644 1497 Vicit
656 1461 688 1496 ac
700 1453 797 1514 regnat
807 1447 892 1512 furor,

291 1519 456 1584 Potiensque
467 1523 528 1566 tota
537 1520 627 1564 mente
639 1515 794 1568 dominatur
805 1517 880 1569 deus.

291 1588 359 1648 Hic,
369 1587 494 1646 volucer,
506 1585 578 1634 omni
590 1583 673 1649 pollet
683 1585 709 1634 in
721 1589 796 1636 terra
805 1593 913 1652 potens,

292 1655 465 1722 Laesumque
477 1653 591 1704 llammis
602 1657 690 1703 torret
699 1653 836 1706 indomitis
847 1656 953 1718 lovcm3

291 1724 427 1776 Gradivus
437 1726 503 1774 istas
514 1721 627 1788 belliger
637 1724 721 1771 sensit
732 1722 820 1786 faces3
1024 1725 1029 1734 ”

231 1794 281 1845 190
293 1793 393 1860 Opiiex
404 1793 506 1843 trisulci
518 1790 635 1840 fulminis
647 1792 730 1840 sensit
741 1791 820 1854 deus,

291 1864 341 1924 Et,
353 1863 396 1929 qui
408 1861 530 1911 furentes
541 1873 648 1925 semper
658 1860 785 1910 Aetnaeis
796 1861 866 1927 iugis

289 1931 391 1981 Versat
402 1932 535 1988 caminos,
546 1929 608 1994 igne
619 1933 674 1976 tam
686 1943 770 1993 parvo
783 1930 866 1992 calet;

290 1999 435 2066 ipsumque
446 1996 600 2057 Phoebum,
611 1995 667 2045 tela
678 1998 721 2062 qui
734 2011 816 2048 nervo
828 1999 906 2065 regit,

291 2067 364 2132 Figit
375 2066 475 2132 sagitta
487 2064 588 2115 certior
597 2063 680 2113 missa
691 2079 766 2130 puer,

232 2135 281 2185 195
294 2135 452 2200 Volitatque
464 2133 541 2184 coelo
552 2133 655 2198 pariter
665 2139 692 2182 et
703 2141 792 2184 terrae
803 2137 902 2200 gravis.

292 2216 391 2252 nura.
410 2201 498 2252 Deum
510 2216 570 2252 esse
582 2215 717 2264 amorem,
729 2203 816 2269 turpis
828 2205 926 2256 etvitio
936 2203 1031 2257 favens

289 2272 382 2324 Finxit
393 2270 489 2333 libid03
501 2287 607 2338 quaque
618 2269 728 2320 liberior
737 2271 819 2332 foret,

291 2339 412 2390 Titulum
423 2338 509 2390 furori
519 2341 633 2388 numinis
645 2336 705 2388 falsi
719 2340 829 2390 addidit.

291 2407 391 2458 Natum
402 2422 451 2474 per
461 2423 554 2459 omnes
565 2409 669 2458 scilicet
680 2413 767 2459 terras
778 2423 875 2474 vagum

233 2479 283 2528 200
293 2477 414 2542 Erycina
424 2476 519 2526 mittit!
542 2477 589 2526 llle
601 2491 650 2542 per
661 2477 766 2527 coelum
778 2477 872 2528 volans

292 2545 425 2609 Proterva
435 2551 530 2596 tenera
540 2546 596 2595 tela
607 2543 717 2594 molitur
726 2561 815 2608 manu,

292 2614 468 2681 Regnumque
479 2620 586 2664 tantum
597 2613 722 2662 minimus
734 2629 748 2663 e
762 2613 873 2682 Superis
884 2613 978 2666 habet!

292 2681 371 2733 Vana
381 2685 434 2734 ista
444 2683 554 2735 demens
565 2683 669 2732 animus
681 2682 795 2734 adscivit
805 2681 865 2745 sibi,
