2274 3086
232 183 281 235 er
406 182 439 232 u.
474 179 632 231 anunm
652 178 843 232 scancia
901 140 902 144 Ν

286 283 348 336 Non
359 287 454 352 patiar.
491 285 521 334 ln
532 299 575 334 me
587 280 666 348 culpa
678 289 835 332 cunctorum
847 284 933 349 redit3

230 354 279 404 295
292 355 344 416 Qui
355 370 407 404 non
423 359 497 404 vetat
509 367 637 418 peceare,
651 365 711 400 cum
722 353 822 417 possit,
834 355 918 403 iubet.

288 435 413 472 ernau.
433 421 576 472 Nullumne
592 418 702 470 Achillis
718 422 867 522 praemium
878 437 971 472 manes
987 420 1027 473 fe·

732 493 807 536 rent.

284 573 329 608 ,ne
338 573 388 608 nu.
400 557 513 618 Ferant,
524 562 552 605 et
562 556 636 604 illum
647 555 772 605 laudibus
784 560 874 606 cuncti
886 563 994 620 canent,

288 629 470 692 Magnumque
482 632 571 674 terrae
583 639 679 673 nomen
692 626 803 690 ignotae
814 624 932 676 audient.

290 695 369 756 Quod
382 696 403 744 si
415 695 519 744 levatur
529 693 658 758 sanguine
668 692 758 742 infuso
772 695 846 755 cinis,
890 739 895 747 ‚

230 763 279 813 300
293 765 390 829 Opima
400 761 511 828 Phrygii
526 761 595 810 eolla
606 761 754 811 caedantur
764 763 864 828 gregis,

250 835 252 842 ’
293 833 425 897 Fluatque
436 829 500 879 nulli
514 829 609 878 flebilis
620 831 699 878 matri
712 844 801 880 cruor.

291 901 357 962 Quis
368 901 419 948 iste
429 914 488 948 uros
500 903 553 958 est,
565 899 672 963 quando
683 900 709 946 in
720 897 832 948 inferias
843 897 924 948 homo

291 968 431 1032 impensus
442 965 542 1016 homini
553 964 611 1015 est‘l
625 959 753 1014 Detrahe
763 967 891 1016 iniddiam
901 972 949 1015 tuo
980 959 987 970 '

292 1035 443 1100 Odiumque
455 1037 539 1102 patri,
551 1049 629 1100 quem
642 1035 692 1083 coli
704 1049 793 1099 poena
804 1036 890 1084 iubes.

233 1103 282 1152 305
296 1117 420 1152 aranu.
433 1103 577 1163 Otuuiide,
587 1117 677 1152 rerum
690 1103 1033 1152 dunisecundarumstatus

294 1171 408 1221 Extollit
420 1173 536 1234 animoa
555 1171 662 1231 timide,
675 1187 735 1219 cum
746 1173 861 1222 increvit
871 1170 973 1221 metus!

292 1241 395 1306 Regum
407 1246 535 1304 tyranne,
546 1241 636 1288 iamne
647 1238 814 1288 flammatum
826 1241 898 1305 geris

265 1321 271 1334 ·
291 1310 389 1358 Amore
402 1309 491 1358 subito
502 1315 611 1373 peetus,
624 1323 655 1356 ac
667 1310 772 1356 veneris
783 1306 887 1357 novae'l

293 1375 407 1427 Solusne
417 1379 499 1426 toties
511 1377 597 1440 spolia
607 1377 640 1424 de
651 1376 728 1425 nohis
739 1375 827 1426 feresl

233 1445 282 1496 elo
290 1445 354 1495 Hac
365 1446 461 1494 dextra
470 1444 564 1493 Achilli
574 1446 710 1494 victimam
722 1445 833 1494 reddam
844 1459 934 1508 suam3

294 1515 381 1572 Quam
393 1515 415 1561 si
425 1528 508 1578 negas
518 1515 686 1577 retinesque3
697 1515 827 1562 maiorem
839 1513 920 1574 dabo,

292 1581 476 1647 Dignamque,
489 1596 568 1646 quam
582 1581 627 1630 det
640 1580 768 1645 Pyrrhus.
799 1583 835 1630 Et
845 1583 957 1630 nimium
969 1581 1017 1631 diu

291 1651 312 1698 A
325 1649 408 1698 caede
420 1654 514 1697 nostra
525 1650 600 1714 regia
612 1656 701 1698 cessat
712 1665 815 1711 manus,

292 1719 444 1784 Paremque
455 1719 544 1783 poscit
555 1717 686 1766 Priamus.
698 1733 764 1798 nea
771 1733 798 1768 u.
815 1719 896 1768 Haud
907 1717 1036 1786 equidem

737 1800 815 1852 nego,

234 1852 284 1904 315
297 1855 359 1904 Hoc
371 1869 430 1904 esse
441 1853 539 1919 Pyrrhi
551 1855 696 1904 maximum
707 1857 733 1904 in
745 1856 815 1905 hello
827 1855 919 1916 decus,

295 1921 382 1972 Saevo
394 1929 531 1986 peremtus
543 1938 606 1972 ense
619 1923 690 1990 quod
703 1924 826 1972 Priamus
837 1925 918 1984 iacet,

295 1988 556 2056 Supplcxpaternus.
576 2003 699 2040 ernau.
711 1990 941 2056 Supplicesnostri
947 1992 1039 2056 patris

294 2060 450 2124 Hostesque
462 2059 570 2108 eosdem
581 2061 713 2108 norimus.
733 2059 857 2110 Priamus
867 2065 958 2110 tamen

296 2127 428 2176 Praesens
439 2130 558 2194 rogavit3
570 2133 599 2176 tu
609 2130 685 2194 gravi
697 2124 808 2192 pavidus
819 2133 902 2188 metu,

235 2195 285 2245 320
296 2194 353 2243 Nee
365 2195 399 2243 ad
410 2197 559 2260 rogandum
571 2195 664 2257 fortis,
676 2198 749 2245 Aiaci
763 2211 857 2261 preces

295 2261 443 2328 Ithacoque
454 2265 565 2314 orandas
577 2265 666 2314 clusus
678 2261 759 2330 'atque
771 2263 877 2314 hostem
887 2270 1020 2314 tremens.

295 2346 395 2381 nonu.
414 2333 448 2380 At
458 2348 511 2381 non
524 2333 639 2382 timebat
648 2339 713 2382 tunc
729 2339 808 2394 tum,
819 2331 923 2392 fateor,
935 2345 1042 2397 parens

296 2401 423 2466 Interque
435 2402 533 2451 caedes
547 2401 680 2451 Graeciae
692 2407 773 2466 atque
785 2407 860 2450 ustas
872 2407 945 2450 rates

297 2466 392 2534 Segnis
404 2470 524 2530 iacebat,
540 2470 601 2519 belli
614 2475 642 2520 et
653 2485 788 2518 armorum
799 2471 950 2530 immemor,

238 2535 287 2586 325
299 2537 366 2586 Levi
379 2553 507 2586 canoram
519 2538 664 2588 verberans
676 2539 781 2602 plectro
793 2535 898 2604 chelyn.

300 2618 423 2654 ernau.
434 2607 512 2655 Tunc
523 2621 636 2672 magnus
647 2607 765 2669 Hector,
777 2621 853 2656 anna
863 2611 1052 2672 contemnens

774 2680 831 2735 tua,
908 2703 916 2712 -
