2274 3086
319 195 526 250 Thoantis.
562 200 649 250 ACT.
668 199 701 250 V.
859 199 912 252 ala

113 307 284 369 Tumuroque
295 300 402 352 trsdeti
413 315 512 351 nunr.
524 303 600 362 Quos
611 303 681 352 enirn
692 316 824 370 praeceps
834 301 912 354 loeus

112 373 230 439 Reliquit
240 370 332 421 ortusl
353 371 423 420 Ossa
434 371 547 421 disiecta
559 377 587 420 et
597 372 673 438 gravi
843 370 911 422 1115

112 443 186 493 Elisa
198 455 277 500 casu,
289 441 366 506 signa
377 439 442 488 olari
455 441 585 503 corporis,

114 512 149 560 Et
160 525 210 559 ora
220 516 248 560 et
258 508 318 557 illas
330 507 433 557 nobiles
445 509 530 572 patris
540 513 619 556 notas

115 576 243 628 Confudit
254 578 334 625 imam
347 575 451 640 pondus
463 575 498 626 ad
509 581 608 624 terram
621 575 722 625 datum.

115 645 210 696 Saluta
223 646 313 695 cervix
325 645 408 693 silicis
419 643 548 708 impulsu,
561 649 644 707 caput

112 715 245 780 Ruptum,
257 713 369 769 cerebro
381 714 487 777 penitus
499 726 637 777 expresso.
665 711 741 762 lacet
847 709 914 760 112⁰

114 782 245 833 Deforme
258 796 364 846 eorpus.
384 793 482 829 nnnn.
495 778 539 828 Sic
551 794 658 846 quoque
670 786 711 829 est
721 778 813 829 similis
825 780 904 846 patri.

114 865 214 902 nunr.
225 850 362 915 Praeceps
373 854 403 898 ut
413 847 474 897 altis
486 848 585 897 cecidit
595 863 610 897 e
620 849 703 898 muris
715 863 789 913 puer,

113 920 255 984 Flevitque
265 916 394 967 Achivum
407 916 498 976 turba,
511 917 581 982 quod
594 915 673 978 feeit,
685 915 762 967 nefas

113 989 190 1039 Idem
201 987 246 1036 ille
258 985 373 1052 populus
385 985 456 1034 aliud
469 985 502 1034 ad
515 983 620 1034 facinus
633 985 703 1034 redit

115 1056 313 1120 Tumulumque
324 1052 440 1104 Achillis.
471 1053 801 1104 Huinsextremunrlatus
847 1053 914 1104 1115
1006 1105 1016 1119 ,

113 1123 238 1177 Rhoetea
248 1124 301 1173 leni
312 1122 457 1173 verberant
467 1120 551 1172 fluctu
562 1121 644 1184 vada3

113 1194 234 1245 Adversa
245 1193 328 1258 cingit
340 1206 463 1256 campus,
474 1197 502 1240 et
515 1191 581 1240 cliro
593 1189 646 1240 levi

114 1263 217 1314 Ereeta
228 1261 344 1310 medium
355 1260 431 1310 vallis
441 1259 580 1310 includens
591 1259 680 1308 locum

115 1331 220 1383 Crescit
230 1328 329 1379 theatri
342 1343 425 1378 more.
454 1330 607 1378 Concursus
618 1327 745 1394 frequens

112 1399 238 1465 Implevit
249 1414 328 1448 omne
338 1397 427 1448 littus:
438 1395 465 1446 hi
477 1397 569 1447 classis
581 1411 672 1445 moras

112 1469 175 1520 liae
187 1473 274 1518 morte
285 1467 353 1517 solvi
366 1472 473 1530 rentur3
485 1464 511 1514 hi
523 1466 632 1530 stirpem
645 1463 763 1514 hostium

115 1537 244 1589 Gaudent
253 1536 345 1586 recidi.
373 1536 475 1600 ,lingna
486 1549 549 1600 pars
560 1533 632 1600 vulgi
644 1533 710 1583 levis

115 1605 181 1657 Odit
192 1605 294 1667 scelus,
307 1610 481 1671 spectatque3
493 1617 544 1652 nee
557 1604 645 1652 Troes
657 1603 743 1652 minus

112 1673 198 1726 Suum
209 1673 384 1740 frequentant
393 1672 487 1731 funus,
500 1677 527 1722 et
537 1671 626 1738 pavidi
637 1676 710 1720 metu

111 1743 225 1796 Partem
237 1744 339 1792 ruentis
351 1743 473 1791 ultimam
485 1741 585 1790 Troiae
598 1739 702 1788 rident:

114 1814 183 1864 Cum
194 1811 284 1861 subito
296 1809 407 1861 thalami
418 1825 493 1860 more
505 1808 672 1874 praecedunt
684 1806 767 1858 faces.

111 1881 140 1932 lt
149 1880 274 1946 pronuba
283 1880 337 1929 illie
348 1879 498 1944 Tyndaris,
509 1883 642 1927 moestum
655 1884 737 1940 caput

112 1948 249 1999 Demissa.
277 1949 339 1998 Tali
351 1948 435 1997 nubat
448 1947 594 1997 Hermione
606 1945 696 2006 modo,

112 2016 240 2084 Phryges
252 2021 406 2082 precantur.
435 2015 480 2066 Sic
491 2017 549 2064 viro
560 2015 648 2079 turpis
659 2029 709 2065 suo

111 2085 255 2136 Reddatur
266 2084 384 2136 Helene!
403 2085 507 2134 Terror
518 2084 650 2133 attonitos
661 2088 737 2134 tenet

111 2155 249 2221 Utrosque
261 2154 384 2220 populos.
412 2154 476 2218 lpse
486 2152 607 2202 deiectos
619 2154 690 2218 gerit

112 2223 212 2274 Vultus
223 2223 340 2289 pudore;
352 2221 399 2272 sed
409 2228 499 2272 tamen
511 2220 616 2287 fulgent
626 2235 721 2287 genae,

113 2291 256 2358 Magisque
268 2291 348 2341 solito
359 2289 484 2356 splendet
493 2295 631 2341 extremus
642 2289 737 2353 decor3

112 2359 150 2410 Ut
162 2375 221 2410 esse
232 2359 337 2410 Phoebi
347 2359 450 2409 dulcius
460 2359 550 2408 lumen
561 2357 632 2408 solet

112 2429 226 2479 lamiam
237 2428 374 2489 cadentis3
386 2435 461 2478 astra
472 2443 533 2477 oum
544 2431 672 2492 repetunt
681 2426 763 2487 vices,

113 2495 304 2563 Premiturque
316 2495 504 2546 dubius'nocte
515 2497 604 2545 vicina
615 2495 680 2545 dies.

114 2563 215 2630 Stupet
226 2580 305 2615 omne
316 2565 426 2631 vulgum
438 2571 466 2616 et
476 2564 534 2614 fere
546 2565 637 2614 cuncti
648 2564 733 2630 magis

110 2633 242 2686 Peritura
252 2633 372 2683 laudant.
403 2634 462 2684 llos
474 2638 566 2683 movet
576 2631 681 2682 formae
692 2631 786 2693 decus,

110 2701 174 2754 llos
185 2702 272 2754 mollis
283 2707 360 2754 aetas
366 2738 375 2765 ,
385 2699 437 2754 hos
448 2717 533 2768 vagae
543 2715 634 2753 rerum
644 2701 731 2762 vicem
