2134 3088
118 193 349 278 multotiens
369 193 573 246 OETAEUS.
600 193 734 248 AG’RV
789 193 839 248 830

210 491 385 558 uerus
410 458 663 568 oum'rus.
723 475 726 482 “

162 658 352 716 orionus,
381 632 715 710 iniremus.

86 781 229 828 Philoctetes
238 781 342 826 Herculio
350 789 448 828 mortem
456 782 602 842 atquefunut
610 787 717 832 meat,

26 921 73 961 cn
81 922 98 958 o
106 922 135 958 n.
145 873 254 958 Effare
267 923 359 969 cesus,
369 908 487 969 iuvenis,
499 908 664 975 Herculeos,
675 926 782 978 precor,

24 978 173 1045 Vultuque
187 992 304 1044 quonam
315 975 408 1026 tulerit
417 976 524 1028 Alcides
536 994 639 1030 necem.

26 1061 128 1099 rura.
142 1047 204 1108 Quo
216 1061 296 1096 nenio
308 1046 401 1096 vitam.
437 1059 535 1096 cnon.
556 1047 660 1100 Laetus
676 1048 781 1102 adeone

498 1115 608 1166 ultimos
773 1119 841 1171 1610

28 1184 137 1236 Invasit
147 1181 242 1252 ignes?
254 1197 345 1233 rnrr..
358 1185 425 1234 Esse
436 1183 489 1234 iam
502 1183 624 1236 ssanrmus
634 1183 702 1249 nihil

32 1252 166 1304 Ostendit
174 1253 233 1313 iiie,
245 1253 288 1319 qui
301 1252 350 1302 sub
361 1249 415 1302 hoc
426 1251 540 1315 mundo,
550 1255 694 1318 Hercules,

32 1322 147 1374 Virtute
159 1323 227 1372 rinei
240 1322 333 1372 docuit
344 1320 476 1372 indomita
487 1323 586 1373 omnia.

36 1405 80 1441 cu
88 1405 140 1440 ort.
152 1392 226 1440 inter
234 1405 351 1455 vapores
363 1391 422 1456 quis
433 1389 484 1438 tuit
495 1389 559 1440 forti
568 1391 662 1442 locus!

35 1472 129 1511 euru.
143 1457 225 1520 Quod
235 1473 317 1507 unum
327 1459 355 1507 in
375 1457 442 1508 orbe
465 1458 568 1508 riserat
587 1459 707 1510 nondum
726 1475 782 1512 ma·

542 1526 596 1576 ium
773 1531 842 1582 1616

37 1594 75 1645 Et
86 1592 195 1644 ssantma
205 1593 279 1644 ricta
290 1599 345 1656 est3
358 1590 425 1646 haec
436 1608 543 1662 quoque
554 1563 672 1648 aoc’essit
681 1595 762 1662 feris3

37 1665 112 1715 inter
122 1662 231 1712 tamn-es
240 1663 309 1728 ignis
321 1663 472 1714 Herculeos
484 1663 549 1714 abit.

40 1745 140 1782 cnon.
153 1731 294 1794 Edissere,
309 1729 438 1798 agedum!
460 1731 570 1782 ssanrma
584 1748 638 1836 qu?
653 1735 726 1786 victa
741 1739 784 1787 est

531 1801 628 1852 modo.

40 1882 132 1920 euru.
142 1869 179 1919 Ut
190 1867 276 1918 omnis
287 1867 374 1918 Oeten
386 1873 493 1919 moesta
500 1870 637 1934 corripuit
646 1884 744 1938 manus
748 1888 755 1920 ε

38 1938 111 1992 Huic
122 1936 200 2004 fagus
211 1937 321 1988 umbras
333 1936 436 2003 perdit,
449 1943 477 1987 et
487 1943 547 1986 toto
558 1939 631 1988 iacet
774 1939 843 1991 1620

41 2005 150 2058 Succisa
160 2014 272 2069 trunoo;
282 2005 367 2056 flectit
377 2003 421 2056 hie
432 2003 523 2071 pinum
535 2005 614 2057 ferox

41 2076 125 2126 Astris
136 2075 295 2136 minantem,
307 2081 336 2125 et
346 2073 416 2124 nube
428 2073 462 2126 de
472 2075 562 2126 media
572 2079 666 2140 vocat3

42 2145 153 2196 Ruitura
163 2151 256 2195 cautes
267 2144 366 2204 morit,
377 2149 405 2193 et
415 2143 507 2192 silvam
519 2142 604 2194 trahit

44 2212 137 2266 Secum
148 2214 287 2264 minorem.
323 2211 441 2264 Chaonis
452 2212 586 2279 quondam
596 2212 699 2281 loquax

45 2282 103 2334 Stat
112 2289 187 2334 vasta
197 2283 253 2333 late
263 2297 380 2349 quercus
392 2288 420 2332 et
431 2279 570 2334 Phoebum
581 2287 666 2344 vetat,
771 2282 840 2334 tort

45 2353 166 2418 Ultraque
177 2357 251 2402 totos
263 2352 379 2420 porrigit
388 2366 480 2402 ramos
491 2367 600 2415 nemum

49 2421 134 2470 Gemit
142 2420 185 2470 ilia
197 2421 281 2470 multo
293 2422 402 2473 vulnere
412 2421 545 2487 impresso
557 2421 659 2482 minax,

47 2488 205 2555 Frangitque
216 2505 331 2552 cuneos3
342 2489 429 2541 resilit
437 2491 562 2540 incussus
573 2486 697 2552 chalybs,

49 2555 197 2623 Vulnusque
209 2555 310 2608 ferrum
322 2561 438 2624 petitur,
450 2564 478 2608 et
488 2557 604 2624 rigidum
616 2561 659 2606 est
669 2571 772 2622 parum.
915 2605 920 2612 ,

53 2626 185 2676 Commota
196 2624 304 2676 tandem
318 2635 373 2688 est3
384 2634 442 2677 tum
454 2626 554 2678 cadens
565 2625 650 2676 latam
661 2625 704 2676 sui
774 2625 843 2678 1630

51 2693 129 2746 Duxit
138 2695 249 2745 ruinam.
284 2695 413 2748 Protinus
425 2695 516 2746 radios
528 2695 615 2814 locu}
