2262 3082
287 215 523 270 Tarusates.
550 221 638 272 ncT.
656 220 703 274 lV.

105 319 232 372 illectans
242 318 339 387 longos
350 318 468 386 Signifer
478 335 576 383 annos,

104 387 199 452 Lapsa
209 387 311 438 videbit
322 389 412 440 sidera
422 387 524 438 lahens.

105 456 175 516 llic,
187 457 232 521 qui
244 456 361 506 nondum
372 471 436 505 rere
447 457 564 522 henigne

108 523 206 574 Reddit
218 522 345 589 Zephyro
357 523 418 573 vela
428 525 543 588 tepenti,

106 593 183 642 Aries
193 605 324 658 praeceps
333 592 384 641 ibit
393 591 419 640 in
432 592 531 652 undas,

106 659 161 710 Per
171 673 237 724 quas
248 659 372 724 pavidam
383 663 494 710 vexerat
506 659 610 710 Hellen.

106 728 175 788 llic,
196 728 240 792 qui
251 728 335 777 nitido
347 729 454 778 'l'aurus
466 743 549 777 cornu

104 793 233 847 Praefert
249 795 376 860 llyadas,
397 809 489 846 secum
502 795 631 845 Geminos

107 861 214 914 Trahet
235 869 262 914 et
274 865 347 914 curvi
359 861 472 914 brachia
483 865 587 914 Cancri.

106 931 167 982 Leo
178 929 343 982 ilemmiien‘s
355 931 474 982 aestibus
485 931 583 982 ardens

105 999 209 1050 lterum
224 999 326 1050 ecoelo
339 999 418 1049 cadet
429 995 594 1060 llercrileus,

107 1066 231 1118 Cadetin
246 1073 334 1118 terras
351 1067 436 1133 Virgo
453 1067 575 1128 relictas,

104 1136 250 1201 lustaeque
263 1135 361 1186 cadent
373 1135 494 1200 pondera
504 1135 618 1196 Librae,

106 1202 258 1268 Secumque
269 1202 377 1254 trahent
388 1203 520 1268 Scorpion
533 1217 622 1254 acrem
633 1221 641 1263 ς

105 1272 157 1332 Et,
170 1271 215 1336 qui
224 1285 307 1321 nervo
318 1276 392 1322 tenet
405 1271 554 1321 Haemonio

105 1339 231 1390 Pennata
241 1353 323 1389 senex
334 1339 437 1404 spicula
449 1337 561 1400 Chiron,

104 1407 197 1472 Rupto
207 1407 303 1471 perdet
312 1407 415 1472 spicula
427 1421 517 1457 nervo.

104 1473 215 1540 Pigram
225 1473 345 1525 referens
356 1473 470 1524 hiemem
480 1474 584 1540 gelidus

46 1563 49 1568 ·
106 1542 193 1593 Cedet
205 1543 372 1608 Aegoceros,
385 1541 546 1608 frangetque
557 1548 644 1604 tuam,

107 1611 237 1676 Quisquis·
245 1625 287 1670 es,
299 1611 407 1660 Umam.
433 1612 536 1660 Tecum
548 1609 681 1660 excedent

103 1679 205 1728 Ultima
216 1677 284 1727 coeli
294 1677 383 1728 sidera
394 1677 499 1739 Pisces3

104 1747 282 1812 Monstraque
294 1761 430 1812 nunquam
441 1743 550 1810 perfusa
559 1743 628 1792 mari

104 1815 214 1880 Merget
225 1813 343 1866 condens
355 1814 445 1863 oninia
455 1827 567 1878 gurges;

104 1883 143 1933 Et
155 1883 199 1947 qui
210 1881 312 1932 medias
324 1881 417 1931 dividit
429 1881 523 1940 Ursas,

104 1950 235 2002 Fluminis
245 1951 344 2010 instar,
354 1949 472 1998 lubricus
483 1947 594 2014 Anguis,
665 2001 672 2015 Ι

8 2011 14 2021 ’
101 2019 258 2084 Magnoque
270 2019 357 2068 minor
367 2019 458 2066 iuncta
468 2015 589 2066 Draconi

102 2085 213 2152 Frigida
224 2086 291 2136 duro
304 2087 445 2150 Cynosura
455 2085 532 2151 gelu,

102 2156 254 2220 (iustosque
266 2155 308 2204 sui
317 2153 410 2204 tardus
421 2153 535 2218 plaustri

102 2225 159 2272 lam
170 2237 224 2272 non
236 2221 339 2272 stabilis
350 2227 412 2272 ruet
423 2219 617 2287 Arctophylax.

101 2289 159 2340 Nos
172 2305 186 2340 e
197 2295 273 2339 tanto
284 2291 334 2340 risi
345 2289 444 2356 populo

102 2359 198 2424 Digni,
210 2366 347 2424 premeret
357 2371 424 2425 quos
436 2371 531 2408 everso

103 2427 218 2477 Cardine
229 2426 356 2488 mundus;

102 2495 131 2544 ln
145 2510 194 2544 nos
207 2501 283 2544 aetas
296 2495 389 2546 ultinm
400 2496 480 2559 venit.

103 2563 187 2612 0·nos
199 2563 267 2612 dura
277 2569 350 2613 sorte
363 2570 483 2624 creatos,

104 2628 157 2680 Seu
169 2631 338 2696 perdidimus¹
345 2631 429 2684 solem
439 2630 528 2682 miseri
533 2665 542 2693 ,

104 2697 166 2750 Sive
177 2698 340 2766 expulimus!

869 219 904 272 75
