<?xml version="1.0" encoding="UTF-8"?>
<!DOCTYPE html PUBLIC "-//W3C//DTD XHTML 1.0 Transitional//EN"
    "http://www.w3.org/TR/xhtml1/DTD/xhtml1-transitional.dtd">
<html xmlns="http://www.w3.org/1999/xhtml" xml:lang="en" lang="en">
 <head>
  <title>
</title>
<meta http-equiv="Content-Type" content="text/html;charset=utf-8" />
  <meta name='ocr-system' content='tesseract 3.04.00' />
  <meta name='ocr-capabilities' content='ocr_page ocr_carea ocr_par ocr_line ocrx_word'/>
</head>
<body>
  <div class='ocr_page' id='page_1' title='image "./lannaeisenecaet02senegoog_0022.png"; bbox 0 0 2262 3082; ppageno 0'>
   <div class='ocr_carea' id='block_1_1' title="bbox 195 244 900 298">
    <p class='ocr_par' dir='ltr' id='par_1_1' title="bbox 195 244 900 298">
     <span class='ocr_line' id='line_1_1' title="bbox 195 244 900 298; baseline 0 0"><span class='ocrx_word' id='word_1_1' title='bbox 195 245 420 298; x_wconf 81' lang='lat' dir='ltr'>HERCULES</span> <span class='ocrx_word' id='word_1_2' title='bbox 439 244 611 298; x_wconf 82' lang='lat' dir='ltr'>FURENS.</span> <span class='ocrx_word' id='word_1_3' title='bbox 649 247 736 297; x_wconf 73' lang='lat' dir='ltr'><strong>ACT.</strong></span> <span class='ocrx_word' id='word_1_4' title='bbox 755 247 789 298; x_wconf 89' lang='lat'><strong>11.</strong></span> <span class='ocrx_word' id='word_1_5' title='bbox 866 247 900 298; x_wconf 78' lang='lat'><strong>19</strong></span> 
     </span>
    </p>
   </div>
   <div class='ocr_carea' id='block_1_2' title="bbox 26 347 904 2668">
    <p class='ocr_par' dir='ltr' id='par_1_2' title="bbox 98 347 901 483">
     <span class='ocr_line' id='line_1_2' title="bbox 100 347 901 413; baseline 0 -15"><span class='ocrx_word' id='word_1_6' title='bbox 100 361 176 398; x_wconf 77' lang='lat' dir='ltr'><strong>nro.</strong></span> <span class='ocrx_word' id='word_1_7' title='bbox 194 348 305 402; x_wconf 86' lang='lat' dir='ltr'><strong>Fortem</strong></span> <span class='ocrx_word' id='word_1_8' title='bbox 315 365 456 411; x_wconf 81' lang='lat' dir='ltr'><strong>vocemus,</strong></span> <span class='ocrx_word' id='word_1_9' title='bbox 469 351 544 406; x_wconf 86' lang='lat' dir='ltr'><strong>ouius</strong></span> <span class='ocrx_word' id='word_1_10' title='bbox 556 363 589 399; x_wconf 84' lang='lat' dir='ltr'><strong>ex</strong></span> <span class='ocrx_word' id='word_1_11' title='bbox 600 347 718 400; x_wconf 87' lang='lat' dir='ltr'><strong>humeris</strong></span> <span class='ocrx_word' id='word_1_12' title='bbox 727 349 785 413; x_wconf 88' lang='lat' dir='ltr'><strong>leo,</strong></span> <span class='ocrx_word' id='word_1_13' title='bbox 851 349 901 400; x_wconf 82' lang='grc'><strong>400</strong></span> 
     </span>
     <span class='ocr_line' id='line_1_3' title="bbox 98 417 727 483; baseline 0 -17"><span class='ocrx_word' id='word_1_14' title='bbox 98 417 207 467; x_wconf 90' lang='lat' dir='ltr'><strong>Donum</strong></span> <span class='ocrx_word' id='word_1_15' title='bbox 218 417 324 483; x_wconf 89' lang='lat' dir='ltr'><strong>puellae</strong></span> <span class='ocrx_word' id='word_1_16' title='bbox 335 418 441 478; x_wconf 84' lang='lat' dir='ltr'><strong>Iactus,</strong></span> <span class='ocrx_word' id='word_1_17' title='bbox 454 423 482 467; x_wconf 90' lang='lat' dir='ltr'><strong>et</strong></span> <span class='ocrx_word' id='word_1_18' title='bbox 494 418 569 466; x_wconf 86' lang='lat' dir='ltr'><strong>clava</strong></span> <span class='ocrx_word' id='word_1_19' title='bbox 581 417 695 480; x_wconf 80' lang='lat' dir='ltr'>excidit,</span> <span class='ocrx_word' id='word_1_20' title='bbox 726 431 727 434; x_wconf 71' lang='grc'>’</span> 
     </span>
    </p>

    <p class='ocr_par' dir='ltr' id='par_1_3' title="bbox 99 483 660 552">
     <span class='ocr_line' id='line_1_4' title="bbox 99 483 660 552; baseline -0.002 -17"><span class='ocrx_word' id='word_1_21' title='bbox 99 485 239 552; x_wconf 88' lang='lat' dir='ltr'><strong>Fulsitque</strong></span> <span class='ocrx_word' id='word_1_22' title='bbox 250 489 351 552; x_wconf 85' lang='lat' dir='ltr'><strong>pictum</strong></span> <span class='ocrx_word' id='word_1_23' title='bbox 362 493 437 536; x_wconf 86' lang='lat' dir='ltr'><strong>veste</strong></span> <span class='ocrx_word' id='word_1_24' title='bbox 450 484 562 536; x_wconf 80' lang='lat' dir='ltr'><strong>Sidonia</strong></span> <span class='ocrx_word' id='word_1_25' title='bbox 571 483 660 535; x_wconf 78' lang='lat' dir='ltr'><strong>latusl</strong></span> 
     </span>
    </p>

    <p class='ocr_par' dir='ltr' id='par_1_4' title="bbox 102 553 718 616">
     <span class='ocr_line' id='line_1_5' title="bbox 102 553 718 616; baseline 0 -12"><span class='ocrx_word' id='word_1_26' title='bbox 102 554 214 604; x_wconf 84' lang='lat' dir='ltr'><strong>Fortem</strong></span> <span class='ocrx_word' id='word_1_27' title='bbox 225 571 366 616; x_wconf 82' lang='lat' dir='ltr'><strong>vocemus,</strong></span> <span class='ocrx_word' id='word_1_28' title='bbox 379 557 454 605; x_wconf 89' lang='lat' dir='ltr'><strong>ouius</strong></span> <span class='ocrx_word' id='word_1_29' title='bbox 465 553 607 604; x_wconf 75' lang='lat' dir='ltr'>horrentes</span> <span class='ocrx_word' id='word_1_30' title='bbox 619 568 718 604; x_wconf 87' lang='lat' dir='ltr'><strong>comae·</strong></span> 
     </span>
    </p>

    <p class='ocr_par' dir='ltr' id='par_1_5' title="bbox 102 621 714 688">
     <span class='ocr_line' id='line_1_6' title="bbox 102 621 714 688; baseline 0 -16"><span class='ocrx_word' id='word_1_31' title='bbox 102 621 234 672; x_wconf 87' lang='lat' dir='ltr'><strong>Maduere</strong></span> <span class='ocrx_word' id='word_1_32' title='bbox 247 621 349 673; x_wconf 64' lang='lat' dir='ltr'><strong>nardo?</strong></span> <span class='ocrx_word' id='word_1_33' title='bbox 368 623 463 673; x_wconf 84' lang='lat' dir='ltr'><strong>Laude</strong></span> <span class='ocrx_word' id='word_1_34' title='bbox 476 623 521 688; x_wconf 91' lang='lat' dir='ltr'><strong>qui</strong></span> <span class='ocrx_word' id='word_1_35' title='bbox 532 628 610 672; x_wconf 87' lang='lat' dir='ltr'><strong>notas</strong></span> <span class='ocrx_word' id='word_1_36' title='bbox 620 637 714 672; x_wconf 88' lang='lat' dir='ltr'><strong>manus</strong></span> 
     </span>
    </p>

    <p class='ocr_par' dir='ltr' id='par_1_6' title="bbox 102 691 904 823">
     <span class='ocr_line' id='line_1_7' title="bbox 103 691 904 757; baseline -0.002 -17"><span class='ocrx_word' id='word_1_37' title='bbox 103 691 143 740; x_wconf 82' lang='lat' dir='ltr'><strong>Ad</strong></span> <span class='ocrx_word' id='word_1_38' title='bbox 154 705 206 740; x_wconf 91' lang='lat' dir='ltr'><strong>non</strong></span> <span class='ocrx_word' id='word_1_39' title='bbox 217 692 320 742; x_wconf 83' lang='lat' dir='ltr'><strong>virilem</strong></span> <span class='ocrx_word' id='word_1_40' title='bbox 330 691 451 757; x_wconf 81' lang='lat' dir='ltr'><strong>tympani</strong></span> <span class='ocrx_word' id='word_1_41' title='bbox 464 693 548 740; x_wconf 83' lang='lat' dir='ltr'><strong>nrovit</strong></span> <span class='ocrx_word' id='word_1_42' title='bbox 559 705 655 740; x_wconf 90' lang='lat' dir='ltr'><strong>sonum</strong></span> <span class='ocrx_word' id='word_1_43' title='bbox 853 692 904 740; x_wconf 73' lang='lat' dir='ltr'><strong>eto</strong></span> 
     </span>
     <span class='ocr_line' id='line_1_8' title="bbox 102 756 724 823; baseline -0.006 -13"><span class='ocrx_word' id='word_1_44' title='bbox 102 759 186 810; x_wconf 81' lang='lat' dir='ltr'><strong>Mitra</strong></span> <span class='ocrx_word' id='word_1_45' title='bbox 195 757 316 809; x_wconf 83' lang='lat' dir='ltr'><strong>ferocem</strong></span> <span class='ocrx_word' id='word_1_46' title='bbox 326 759 444 808; x_wconf 77' lang='lat' dir='ltr'><strong>barbara</strong></span> <span class='ocrx_word' id='word_1_47' title='bbox 454 758 571 808; x_wconf 85' lang='lat' dir='ltr'><strong>frontem</strong></span> <span class='ocrx_word' id='word_1_48' title='bbox 582 756 724 823; x_wconf 70' lang='lat' dir='ltr'><strong>premensi</strong></span> 
     </span>
    </p>

    <p class='ocr_par' dir='ltr' id='par_1_7' title="bbox 102 825 767 959">
     <span class='ocr_line' id='line_1_9' title="bbox 102 825 767 878; baseline -0.003 0"><span class='ocrx_word' id='word_1_49' title='bbox 102 840 203 878; x_wconf 72' lang='lat' dir='ltr'><strong>auru.</strong></span> <span class='ocrx_word' id='word_1_50' title='bbox 222 826 283 876; x_wconf 92' lang='lat' dir='ltr'><strong>Non</strong></span> <span class='ocrx_word' id='word_1_51' title='bbox 293 827 429 878; x_wconf 85' lang='lat' dir='ltr'><strong>erubescit</strong></span> <span class='ocrx_word' id='word_1_52' title='bbox 439 825 565 876; x_wconf 85' lang='lat' dir='ltr'><strong>Bacchus</strong></span> <span class='ocrx_word' id='word_1_53' title='bbox 577 825 678 876; x_wconf 81' lang='lat' dir='ltr'><strong>effusos</strong></span> <span class='ocrx_word' id='word_1_54' title='bbox 689 833 767 876; x_wconf 85' lang='lat' dir='ltr'><strong>tener</strong></span> 
     </span>
     <span class='ocr_line' id='line_1_10' title="bbox 104 891 688 959; baseline -0.003 -15"><span class='ocrx_word' id='word_1_55' title='bbox 104 891 242 959; x_wconf 85' lang='lat' dir='ltr'><strong>Sparsisse</strong></span> <span class='ocrx_word' id='word_1_56' title='bbox 254 896 354 956; x_wconf 82' lang='lat' dir='ltr'><strong>crines,</strong></span> <span class='ocrx_word' id='word_1_57' title='bbox 366 911 416 945; x_wconf 91' lang='lat' dir='ltr'><strong>nec</strong></span> <span class='ocrx_word' id='word_1_58' title='bbox 427 910 508 943; x_wconf 81' lang='lat' dir='ltr'><strong>uranu</strong></span> <span class='ocrx_word' id='word_1_59' title='bbox 519 893 591 944; x_wconf 91' lang='lat' dir='ltr'><strong>molli</strong></span> <span class='ocrx_word' id='word_1_60' title='bbox 602 895 688 944; x_wconf 86' lang='lat' dir='ltr'><strong>levem</strong></span> 
     </span>
    </p>

    <p class='ocr_par' dir='ltr' id='par_1_8' title="bbox 103 961 721 1028">
     <span class='ocr_line' id='line_1_11' title="bbox 103 961 721 1028; baseline -0.003 -14"><span class='ocrx_word' id='word_1_61' title='bbox 103 963 219 1014; x_wconf 89' lang='lat' dir='ltr'><strong>Vibrare</strong></span> <span class='ocrx_word' id='word_1_62' title='bbox 229 961 367 1027; x_wconf 78' lang='lat' dir='ltr'><strong>thyrsum,</strong></span> <span class='ocrx_word' id='word_1_63' title='bbox 380 979 440 1012; x_wconf 90' lang='lat' dir='ltr'><strong>cum</strong></span> <span class='ocrx_word' id='word_1_64' title='bbox 452 977 545 1028; x_wconf 89' lang='lat' dir='ltr'><strong>parum</strong></span> <span class='ocrx_word' id='word_1_65' title='bbox 557 961 622 1012; x_wconf 86' lang='lat' dir='ltr'><strong>forti</strong></span> <span class='ocrx_word' id='word_1_66' title='bbox 634 961 721 1027; x_wconf 88' lang='lat' dir='ltr'><strong>gradu</strong></span> 
     </span>
    </p>

    <p class='ocr_par' dir='ltr' id='par_1_9' title="bbox 102 1029 902 1165">
     <span class='ocr_line' id='line_1_12' title="bbox 102 1029 902 1096; baseline 0.001 -16"><span class='ocrx_word' id='word_1_67' title='bbox 102 1033 173 1080; x_wconf 79' lang='lat' dir='ltr'><strong>Auro</strong></span> <span class='ocrx_word' id='word_1_68' title='bbox 186 1031 313 1081; x_wconf 85' lang='lat' dir='ltr'><strong>decorum</strong></span> <span class='ocrx_word' id='word_1_69' title='bbox 325 1047 416 1096; x_wconf 88' lang='lat' dir='ltr'><strong>syrma</strong></span> <span class='ocrx_word' id='word_1_70' title='bbox 426 1031 569 1080; x_wconf 85' lang='lat' dir='ltr'><strong>barbarico</strong></span> <span class='ocrx_word' id='word_1_71' title='bbox 580 1029 676 1080; x_wconf 88' lang='lat' dir='ltr'><strong>trahit:</strong></span> <span class='ocrx_word' id='word_1_72' title='bbox 852 1032 902 1081; x_wconf 70' lang='lat'><strong>475</strong></span> 
     </span>
     <span class='ocr_line' id='line_1_13' title="bbox 102 1099 638 1165; baseline -0.004 -15"><span class='ocrx_word' id='word_1_73' title='bbox 102 1099 169 1150; x_wconf 89' lang='lat' dir='ltr'><strong>Post</strong></span> <span class='ocrx_word' id='word_1_74' title='bbox 180 1101 264 1150; x_wconf 88' lang='lat' dir='ltr'><strong>multa</strong></span> <span class='ocrx_word' id='word_1_75' title='bbox 274 1101 358 1150; x_wconf 79' lang='lat' dir='ltr'><strong>virtus</strong></span> <span class='ocrx_word' id='word_1_76' title='bbox 370 1115 454 1165; x_wconf 81' lang='lat' dir='ltr'><strong>opera</strong></span> <span class='ocrx_word' id='word_1_77' title='bbox 464 1099 638 1149; x_wconf 74' lang='lat' dir='ltr'><strong>laxarisolet.</strong></span> 
     </span>
    </p>

    <p class='ocr_par' dir='ltr' id='par_1_10' title="bbox 102 1167 758 1302">
     <span class='ocr_line' id='line_1_14' title="bbox 102 1167 758 1230; baseline 0.003 -14"><span class='ocrx_word' id='word_1_78' title='bbox 102 1183 143 1216; x_wconf 78' lang='lat' dir='ltr'><strong>nu</strong></span> <span class='ocrx_word' id='word_1_79' title='bbox 152 1181 175 1216; x_wconf 78' lang='lat' dir='ltr'><strong>c,</strong></span> <span class='ocrx_word' id='word_1_80' title='bbox 188 1167 363 1218; x_wconf 83' lang='lat' dir='ltr'><strong>Teuthrantis</strong></span> <span class='ocrx_word' id='word_1_81' title='bbox 374 1167 426 1216; x_wconf 94' lang='lat' dir='ltr'><strong>hoc</strong></span> <span class='ocrx_word' id='word_1_82' title='bbox 439 1167 541 1218; x_wconf 85' lang='lat' dir='ltr'><strong>latetur</strong></span> <span class='ocrx_word' id='word_1_83' title='bbox 551 1169 638 1218; x_wconf 80' lang='lat' dir='ltr'><strong>eversi</strong></span> <span class='ocrx_word' id='word_1_84' title='bbox 648 1167 758 1230; x_wconf 90' lang='lat' dir='ltr'><strong>domus,</strong></span> 
     </span>
     <span class='ocr_line' id='line_1_15' title="bbox 103 1236 749 1302; baseline -0.002 -16"><span class='ocrx_word' id='word_1_85' title='bbox 103 1236 290 1302; x_wconf 83' lang='lat' dir='ltr'><strong>Peeorumque</strong></span> <span class='ocrx_word' id='word_1_86' title='bbox 301 1238 355 1287; x_wconf 89' lang='lat' dir='ltr'><strong>ritu</strong></span> <span class='ocrx_word' id='word_1_87' title='bbox 365 1238 497 1302; x_wconf 82' lang='lat' dir='ltr'><strong>vlrgInum</strong></span> <span class='ocrx_word' id='word_1_88' title='bbox 511 1238 631 1302; x_wconf 81' lang='lat' dir='ltr'><strong>oppressi</strong></span> <span class='ocrx_word' id='word_1_89' title='bbox 644 1251 749 1302; x_wconf 82' lang='lat' dir='ltr'><strong>greges.</strong></span> 
     </span>
    </p>

    <p class='ocr_par' dir='ltr' id='par_1_11' title="bbox 103 1303 719 1369">
     <span class='ocr_line' id='line_1_16' title="bbox 103 1303 719 1369; baseline -0.003 -15"><span class='ocrx_word' id='word_1_90' title='bbox 103 1305 165 1354; x_wconf 88' lang='lat' dir='ltr'><strong>IIoc</strong></span> <span class='ocrx_word' id='word_1_91' title='bbox 177 1305 248 1352; x_wconf 86' lang='lat' dir='ltr'><strong>nulla</strong></span> <span class='ocrx_word' id='word_1_92' title='bbox 258 1305 338 1366; x_wconf 90' lang='lat' dir='ltr'><strong>luno,</strong></span> <span class='ocrx_word' id='word_1_93' title='bbox 350 1303 437 1354; x_wconf 89' lang='lat' dir='ltr'><strong>nullus</strong></span> <span class='ocrx_word' id='word_1_94' title='bbox 449 1303 620 1369; x_wconf 85' lang='lat' dir='ltr'><strong>Eurystheus</strong></span> <span class='ocrx_word' id='word_1_95' title='bbox 631 1305 719 1354; x_wconf 88' lang='lat' dir='ltr'><strong>iubet:</strong></span> 
     </span>
    </p>

    <p class='ocr_par' dir='ltr' id='par_1_12' title="bbox 101 1370 902 1505">
     <span class='ocr_line' id='line_1_17' title="bbox 102 1370 902 1438; baseline 0 -16"><span class='ocrx_word' id='word_1_96' title='bbox 102 1373 189 1438; x_wconf 83' lang='lat' dir='ltr'><strong>Ipsius</strong></span> <span class='ocrx_word' id='word_1_97' title='bbox 201 1370 268 1422; x_wconf 84' lang='lat' dir='ltr'><strong>haec</strong></span> <span class='ocrx_word' id='word_1_98' title='bbox 279 1379 341 1423; x_wconf 87' lang='lat' dir='ltr'><strong>sunt</strong></span> <span class='ocrx_word' id='word_1_99' title='bbox 352 1389 443 1438; x_wconf 88' lang='lat' dir='ltr'><strong>opera.</strong></span> <span class='ocrx_word' id='word_1_100' title='bbox 467 1387 567 1422; x_wconf 75' lang='lat' dir='ltr'><strong>nuru.</strong></span> <span class='ocrx_word' id='word_1_101' title='bbox 579 1372 639 1422; x_wconf 92' lang='lat' dir='ltr'><strong>Non</strong></span> <span class='ocrx_word' id='word_1_102' title='bbox 651 1372 723 1422; x_wconf 82' lang='lat' dir='ltr'><strong>n&#39;osti</strong></span> <span class='ocrx_word' id='word_1_103' title='bbox 736 1373 839 1422; x_wconf 85' lang='lat' dir='ltr'><strong>omnIa:</strong></span> <span class='ocrx_word' id='word_1_104' title='bbox 851 1373 902 1422; x_wconf 86' lang='grc'><strong>480</strong></span> 
     </span>
     <span class='ocr_line' id='line_1_18' title="bbox 101 1441 648 1505; baseline 0 -15"><span class='ocrx_word' id='word_1_105' title='bbox 101 1441 188 1505; x_wconf 82' lang='lat' dir='ltr'><strong>Ipsius</strong></span> <span class='ocrx_word' id='word_1_106' title='bbox 200 1455 268 1504; x_wconf 85' lang='lat' dir='ltr'><strong>opus</strong></span> <span class='ocrx_word' id='word_1_107' title='bbox 280 1447 321 1492; x_wconf 90' lang='lat' dir='ltr'><strong>est</strong></span> <span class='ocrx_word' id='word_1_108' title='bbox 332 1441 467 1492; x_wconf 82' lang='lat' dir='ltr'><strong>caestibus</strong></span> <span class='ocrx_word' id='word_1_109' title='bbox 478 1441 582 1490; x_wconf 86' lang='lat' dir='ltr'><strong>fractus</strong></span> <span class='ocrx_word' id='word_1_110' title='bbox 594 1442 648 1490; x_wconf 89' lang='lat' dir='ltr'><strong>suis</strong></span> 
     </span>
    </p>

    <p class='ocr_par' dir='ltr' id='par_1_13' title="bbox 101 1509 682 1574">
     <span class='ocr_line' id='line_1_19' title="bbox 101 1509 682 1574; baseline 0.003 -16"><span class='ocrx_word' id='word_1_111' title='bbox 101 1509 191 1573; x_wconf 68' lang='lat' dir='ltr'><strong>Erysi,</strong></span> <span class='ocrx_word' id='word_1_112' title='bbox 204 1515 231 1558; x_wconf 88' lang='lat' dir='ltr'><strong>et</strong></span> <span class='ocrx_word' id='word_1_113' title='bbox 244 1510 326 1574; x_wconf 85' lang='lat' dir='ltr'><strong>Eryci</strong></span> <span class='ocrx_word' id='word_1_114' title='bbox 337 1511 444 1558; x_wconf 90' lang='lat' dir='ltr'><strong>iunctus</strong></span> <span class='ocrx_word' id='word_1_115' title='bbox 454 1511 571 1559; x_wconf 82' lang='lat' dir='ltr'><strong>Antaeus</strong></span> <span class='ocrx_word' id='word_1_116' title='bbox 584 1509 682 1574; x_wconf 88' lang='lat' dir='ltr'><strong>Libys,</strong></span> 
     </span>
    </p>

    <p class='ocr_par' dir='ltr' id='par_1_14' title="bbox 102 1575 652 1642">
     <span class='ocr_line' id='line_1_20' title="bbox 102 1575 652 1642; baseline -0.002 -15"><span class='ocrx_word' id='word_1_117' title='bbox 102 1577 138 1627; x_wconf 85' lang='lat' dir='ltr'><strong>Et</strong></span> <span class='ocrx_word' id='word_1_118' title='bbox 151 1578 193 1642; x_wconf 89' lang='lat' dir='ltr'><strong>qui</strong></span> <span class='ocrx_word' id='word_1_119' title='bbox 206 1575 334 1642; x_wconf 89' lang='lat' dir='ltr'><strong>hospitali</strong></span> <span class='ocrx_word' id='word_1_120' title='bbox 346 1578 429 1627; x_wconf 88' lang='lat' dir='ltr'><strong>caede</strong></span> <span class='ocrx_word' id='word_1_121' title='bbox 440 1587 580 1628; x_wconf 85' lang='lat' dir='ltr'><strong>manantes</strong></span> <span class='ocrx_word' id='word_1_122' title='bbox 591 1575 652 1626; x_wconf 88' lang='lat' dir='ltr'><strong>foci·</strong></span> 
     </span>
    </p>

    <p class='ocr_par' dir='ltr' id='par_1_15' title="bbox 102 1643 629 1712">
     <span class='ocr_line' id='line_1_21' title="bbox 102 1643 629 1712; baseline 0 -18"><span class='ocrx_word' id='word_1_123' title='bbox 102 1643 200 1695; x_wconf 84' lang='lat' dir='ltr'><strong>Bibere</strong></span> <span class='ocrx_word' id='word_1_124' title='bbox 210 1646 310 1695; x_wconf 89' lang='lat' dir='ltr'><strong>iustum</strong></span> <span class='ocrx_word' id='word_1_125' title='bbox 322 1647 479 1712; x_wconf 89' lang='lat' dir='ltr'><strong>sanguinem</strong></span> <span class='ocrx_word' id='word_1_126' title='bbox 489 1645 629 1695; x_wconf 85' lang='lat' dir='ltr'><strong>Busiridis.</strong></span> 
     </span>
    </p>

    <p class='ocr_par' dir='ltr' id='par_1_16' title="bbox 102 1713 902 1846">
     <span class='ocr_line' id='line_1_22' title="bbox 103 1713 902 1778; baseline 0 -16"><span class='ocrx_word' id='word_1_127' title='bbox 103 1715 190 1777; x_wconf 87' lang='lat' dir='ltr'><strong>Ipsius</strong></span> <span class='ocrx_word' id='word_1_128' title='bbox 202 1729 270 1778; x_wconf 89' lang='lat' dir='ltr'><strong>opus</strong></span> <span class='ocrx_word' id='word_1_129' title='bbox 282 1719 336 1775; x_wconf 89' lang='lat' dir='ltr'><strong>est,</strong></span> <span class='ocrx_word' id='word_1_130' title='bbox 348 1715 450 1764; x_wconf 83' lang='lat' dir='ltr'><strong>vulneri</strong></span> <span class='ocrx_word' id='word_1_131' title='bbox 463 1720 490 1764; x_wconf 89' lang='lat' dir='ltr'><strong>et</strong></span> <span class='ocrx_word' id='word_1_132' title='bbox 501 1713 575 1762; x_wconf 87' lang='lat' dir='ltr'><strong>ferro</strong></span> <span class='ocrx_word' id='word_1_133' title='bbox 590 1714 693 1774; x_wconf 84' lang='lat' dir='ltr'><strong>obvius,</strong></span> <span class='ocrx_word' id='word_1_134' title='bbox 852 1714 902 1763; x_wconf 83' lang='grc'><strong>485</strong></span> 
     </span>
     <span class='ocr_line' id='line_1_23' title="bbox 102 1781 780 1846; baseline -0.003 -16"><span class='ocrx_word' id='word_1_135' title='bbox 102 1781 220 1830; x_wconf 85' lang='lat' dir='ltr'><strong>Mortem</strong></span> <span class='ocrx_word' id='word_1_136' title='bbox 233 1787 344 1830; x_wconf 88' lang='lat' dir='ltr'><strong>coaetus</strong></span> <span class='ocrx_word' id='word_1_137' title='bbox 354 1783 461 1846; x_wconf 83' lang='lat' dir='ltr'><strong>integer</strong></span> <span class='ocrx_word' id='word_1_138' title='bbox 472 1781 580 1844; x_wconf 83' lang='lat' dir='ltr'><strong>Cycnus</strong></span> <span class='ocrx_word' id='word_1_139' title='bbox 591 1781 662 1844; x_wconf 90' lang='lat' dir='ltr'><strong>pati;</strong></span> <span class='ocrx_word' id='word_1_140' title='bbox 704 1797 707 1802; x_wconf 92' lang='lat'>·</span> <span class='ocrx_word' id='word_1_141' title='bbox 777 1789 780 1798; x_wconf 85' lang='lat'><em>&#39;</em></span> 
     </span>
    </p>

    <p class='ocr_par' dir='ltr' id='par_1_17' title="bbox 102 1848 746 1912">
     <span class='ocr_line' id='line_1_24' title="bbox 102 1848 746 1912; baseline -0.003 -14"><span class='ocrx_word' id='word_1_142' title='bbox 102 1848 161 1898; x_wconf 88' lang='lat' dir='ltr'><strong>Nec</strong></span> <span class='ocrx_word' id='word_1_143' title='bbox 173 1863 241 1898; x_wconf 76' lang='lat' dir='ltr'><strong>rinus</strong></span> <span class='ocrx_word' id='word_1_144' title='bbox 252 1853 305 1897; x_wconf 76' lang='lat' dir='ltr'><strong>und</strong></span> <span class='ocrx_word' id='word_1_145' title='bbox 318 1848 429 1912; x_wconf 86' lang='lat' dir='ltr'><strong>Geryon</strong></span> <span class='ocrx_word' id='word_1_146' title='bbox 441 1849 527 1898; x_wconf 85' lang='lat' dir='ltr'><strong>victus</strong></span> <span class='ocrx_word' id='word_1_147' title='bbox 538 1863 627 1897; x_wconf 86' lang='lat' dir='ltr'><strong>manu.</strong></span> <span class='ocrx_word' id='word_1_148' title='bbox 744 1849 746 1852; x_wconf 72' lang='grc'>’</span> 
     </span>
    </p>

    <p class='ocr_par' dir='ltr' id='par_1_18' title="bbox 102 1916 687 1983">
     <span class='ocr_line' id='line_1_25' title="bbox 102 1916 687 1983; baseline 0.002 -17"><span class='ocrx_word' id='word_1_149' title='bbox 102 1917 163 1966; x_wconf 83' lang='lat' dir='ltr'><strong>Eris</strong></span> <span class='ocrx_word' id='word_1_150' title='bbox 174 1917 244 1966; x_wconf 84' lang='lat' dir='ltr'><strong>iuter</strong></span> <span class='ocrx_word' id='word_1_151' title='bbox 253 1918 335 1978; x_wconf 89' lang='lat' dir='ltr'><strong>istos,</strong></span> <span class='ocrx_word' id='word_1_152' title='bbox 350 1918 395 1983; x_wconf 90' lang='lat' dir='ltr'><strong>qui</strong></span> <span class='ocrx_word' id='word_1_153' title='bbox 405 1922 495 1966; x_wconf 88' lang='lat' dir='ltr'><strong>tamen</strong></span> <span class='ocrx_word' id='word_1_154' title='bbox 508 1916 580 1966; x_wconf 91' lang='lat' dir='ltr'><strong>nullo</strong></span> <span class='ocrx_word' id='word_1_155' title='bbox 592 1922 687 1982; x_wconf 88' lang='lat' dir='ltr'><strong>stupro</strong></span> 
     </span>
    </p>

    <p class='ocr_par' dir='ltr' id='par_1_19' title="bbox 26 1983 900 2188">
     <span class='ocr_line' id='line_1_26' title="bbox 103 1983 840 2054; baseline 0.001 -20"><span class='ocrx_word' id='word_1_156' title='bbox 103 1984 223 2035; x_wconf 88' lang='lat' dir='ltr'><strong>Laesere</strong></span> <span class='ocrx_word' id='word_1_157' title='bbox 235 1983 375 2036; x_wconf 79' lang='lat' dir='ltr'><strong>thalamos.</strong></span> <span class='ocrx_word' id='word_1_158' title='bbox 392 1999 433 2034; x_wconf 78' lang='lat' dir='ltr'><strong>ur</strong></span> <span class='ocrx_word' id='word_1_159' title='bbox 442 1999 465 2034; x_wconf 90' lang='lat' dir='ltr'><strong>c.</strong></span> <span class='ocrx_word' id='word_1_160' title='bbox 474 1985 624 2046; x_wconf 77' lang='lat' dir='ltr'><strong>Quodlori,</strong></span> <span class='ocrx_word' id='word_1_161' title='bbox 637 1983 754 2054; x_wconf 84' lang='lat' dir='ltr'><strong>hoeregi</strong></span> <span class='ocrx_word' id='word_1_162' title='bbox 764 1986 840 2037; x_wconf 91' lang='lat' dir='ltr'><strong>licet:</strong></span> 
     </span>
     <span class='ocr_line' id='line_1_27' title="bbox 101 2043 900 2120; baseline 0.001 -16"><span class='ocrx_word' id='word_1_163' title='bbox 101 2055 159 2104; x_wconf 85' lang='lat' dir='ltr'><strong>Iovi</strong></span> <span class='ocrx_word' id='word_1_164' title='bbox 170 2053 266 2104; x_wconf 91' lang='lat' dir='ltr'><strong>dedisti</strong></span> <span class='ocrx_word' id='word_1_165' title='bbox 280 2043 503 2120; x_wconf 87' lang='lat' dir='ltr'><strong>coniugem:regi</strong></span> <span class='ocrx_word' id='word_1_166' title='bbox 515 2054 604 2114; x_wconf 88' lang='lat' dir='ltr'><strong>dabis,</strong></span> <span class='ocrx_word' id='word_1_167' title='bbox 768 2111 770 2116; x_wconf 84' lang='lat'><em>.</em></span> <span class='ocrx_word' id='word_1_168' title='bbox 849 2056 900 2106; x_wconf 83' lang='grc'><strong>490</strong></span> 
     </span>
     <span class='ocr_line' id='line_1_28' title="bbox 26 2121 758 2188; baseline 0.008 -22"><span class='ocrx_word' id='word_1_169' title='bbox 26 2158 30 2166; x_wconf 78' lang='grc'>,</span> <span class='ocrx_word' id='word_1_170' title='bbox 101 2123 138 2173; x_wconf 88' lang='lat' dir='ltr'><strong>Et</strong></span> <span class='ocrx_word' id='word_1_171' title='bbox 148 2127 175 2171; x_wconf 93' lang='lat' dir='ltr'><strong>te</strong></span> <span class='ocrx_word' id='word_1_172' title='bbox 187 2124 316 2188; x_wconf 87' lang='lat' dir='ltr'><strong>magistro</strong></span> <span class='ocrx_word' id='word_1_173' title='bbox 328 2138 491 2172; x_wconf 86' lang='lat' dir='ltr'><strong>nonnovum</strong></span> <span class='ocrx_word' id='word_1_174' title='bbox 502 2121 554 2172; x_wconf 90' lang='lat' dir='ltr'><strong>hoc</strong></span> <span class='ocrx_word' id='word_1_175' title='bbox 567 2123 653 2172; x_wconf 86' lang='lat' dir='ltr'><strong>discet</strong></span> <span class='ocrx_word' id='word_1_176' title='bbox 664 2137 758 2186; x_wconf 79' lang='lat' dir='ltr'><strong>nurus,</strong></span> 
     </span>
    </p>

    <p class='ocr_par' dir='ltr' id='par_1_20' title="bbox 100 2191 648 2258">
     <span class='ocr_line' id='line_1_29' title="bbox 100 2191 648 2258; baseline 0 -18"><span class='ocrx_word' id='word_1_177' title='bbox 100 2191 191 2240; x_wconf 86' lang='lat' dir='ltr'><strong>Etiam</strong></span> <span class='ocrx_word' id='word_1_178' title='bbox 201 2193 258 2240; x_wconf 77' lang='lat' dir='ltr'><strong>viro</strong></span> <span class='ocrx_word' id='word_1_179' title='bbox 272 2191 403 2256; x_wconf 87' lang='lat' dir='ltr'><strong>probante</strong></span> <span class='ocrx_word' id='word_1_180' title='bbox 414 2191 551 2240; x_wconf 88' lang='lat' dir='ltr'><strong>meliorem</strong></span> <span class='ocrx_word' id='word_1_181' title='bbox 563 2191 648 2258; x_wconf 90' lang='lat' dir='ltr'><strong>sequi.</strong></span> 
     </span>
    </p>

    <p class='ocr_par' dir='ltr' id='par_1_21' title="bbox 101 2257 618 2326">
     <span class='ocr_line' id='line_1_30' title="bbox 101 2257 618 2326; baseline -0.002 -18"><span class='ocrx_word' id='word_1_182' title='bbox 101 2257 148 2308; x_wconf 88' lang='lat' dir='ltr'><strong>Sin</strong></span> <span class='ocrx_word' id='word_1_183' title='bbox 160 2259 280 2324; x_wconf 89' lang='lat' dir='ltr'><strong>copulari</strong></span> <span class='ocrx_word' id='word_1_184' title='bbox 292 2261 416 2324; x_wconf 81' lang='lat' dir='ltr'><strong>pertinax</strong></span> <span class='ocrx_word' id='word_1_185' title='bbox 427 2259 513 2323; x_wconf 79' lang='lat' dir='ltr'><strong>taedis</strong></span> <span class='ocrx_word' id='word_1_186' title='bbox 524 2265 618 2326; x_wconf 89' lang='lat' dir='ltr'><strong>negat:</strong></span> 
     </span>
    </p>

    <p class='ocr_par' dir='ltr' id='par_1_22' title="bbox 101 2327 660 2394">
     <span class='ocr_line' id='line_1_31' title="bbox 101 2327 660 2394; baseline 0 -16"><span class='ocrx_word' id='word_1_187' title='bbox 101 2327 152 2378; x_wconf 93' lang='lat' dir='ltr'><strong>Vel</strong></span> <span class='ocrx_word' id='word_1_188' title='bbox 164 2342 198 2378; x_wconf 79' lang='lat' dir='ltr'><strong>ex</strong></span> <span class='ocrx_word' id='word_1_189' title='bbox 210 2333 307 2386; x_wconf 75' lang='lat' dir='ltr'><strong>coacta</strong></span> <span class='ocrx_word' id='word_1_190' title='bbox 319 2328 435 2381; x_wconf 89' lang='lat' dir='ltr'><strong>nobilem</strong></span> <span class='ocrx_word' id='word_1_191' title='bbox 447 2334 554 2394; x_wconf 82' lang='lat' dir='ltr'><strong>partam</strong></span> <span class='ocrx_word' id='word_1_192' title='bbox 566 2327 660 2378; x_wconf 81' lang='lat' dir='ltr'><strong>feram.</strong></span> 
     </span>
    </p>

    <p class='ocr_par' dir='ltr' id='par_1_23' title="bbox 99 2395 900 2532">
     <span class='ocr_line' id='line_1_32' title="bbox 101 2395 900 2462; baseline 0.001 -17"><span class='ocrx_word' id='word_1_193' title='bbox 101 2409 143 2445; x_wconf 78' lang='lat' dir='ltr'><strong>ne</strong></span> <span class='ocrx_word' id='word_1_194' title='bbox 152 2410 178 2444; x_wconf 88' lang='lat' dir='ltr'><strong>n.</strong></span> <span class='ocrx_word' id='word_1_195' title='bbox 197 2395 314 2446; x_wconf 86' lang='lat' dir='ltr'><strong>Umbrae</strong></span> <span class='ocrx_word' id='word_1_196' title='bbox 327 2397 450 2446; x_wconf 85' lang='lat' dir='ltr'><strong>Creontis</strong></span> <span class='ocrx_word' id='word_1_197' title='bbox 462 2403 492 2450; x_wconf 86' lang='lat' dir='ltr'><strong>et</strong></span> <span class='ocrx_word' id='word_1_198' title='bbox 500 2401 612 2462; x_wconf 88' lang='lat' dir='ltr'><strong>penates</strong></span> <span class='ocrx_word' id='word_1_199' title='bbox 624 2395 759 2460; x_wconf 85' lang='lat' dir='ltr'><strong>Labdaci,</strong></span> <span class='ocrx_word' id='word_1_200' title='bbox 850 2397 900 2447; x_wconf 82' lang='grc'><strong>405</strong></span> 
     </span>
     <span class='ocr_line' id='line_1_33' title="bbox 99 2463 635 2532; baseline 0 -18"><span class='ocrx_word' id='word_1_201' title='bbox 99 2463 137 2514; x_wconf 83' lang='lat' dir='ltr'><strong>Et</strong></span> <span class='ocrx_word' id='word_1_202' title='bbox 150 2465 282 2532; x_wconf 83' lang='lat' dir='ltr'><strong>nuptiales</strong></span> <span class='ocrx_word' id='word_1_203' title='bbox 293 2465 367 2530; x_wconf 89' lang='lat' dir='ltr'><strong>impii</strong></span> <span class='ocrx_word' id='word_1_204' title='bbox 379 2465 536 2530; x_wconf 83' lang='lat' dir='ltr'><strong>Oedeodae</strong></span> <span class='ocrx_word' id='word_1_205' title='bbox 547 2464 635 2524; x_wconf 81' lang='lat' dir='ltr'><strong>laces,</strong></span> 
     </span>
    </p>

    <p class='ocr_par' dir='ltr' id='par_1_24' title="bbox 100 2531 666 2600">
     <span class='ocr_line' id='line_1_34' title="bbox 100 2531 666 2600; baseline -0.002 -18"><span class='ocrx_word' id='word_1_206' title='bbox 100 2531 179 2582; x_wconf 92' lang='lat' dir='ltr'><strong>Nunc</strong></span> <span class='ocrx_word' id='word_1_207' title='bbox 191 2533 272 2583; x_wconf 85' lang='lat' dir='ltr'><strong>solita</strong></span> <span class='ocrx_word' id='word_1_208' title='bbox 281 2539 372 2584; x_wconf 84' lang='lat' dir='ltr'><strong>vestro</strong></span> <span class='ocrx_word' id='word_1_209' title='bbox 384 2532 442 2583; x_wconf 89' lang='lat' dir='ltr'><strong>fata</strong></span> <span class='ocrx_word' id='word_1_210' title='bbox 454 2535 579 2600; x_wconf 88' lang='lat' dir='ltr'><strong>coniugio</strong></span> <span class='ocrx_word' id='word_1_211' title='bbox 591 2531 666 2584; x_wconf 79' lang='lat' dir='ltr'><strong>date!</strong></span> 
     </span>
    </p>

    <p class='ocr_par' dir='ltr' id='par_1_25' title="bbox 100 2599 748 2668">
     <span class='ocr_line' id='line_1_35' title="bbox 100 2599 748 2668; baseline 0 -18"><span class='ocrx_word' id='word_1_212' title='bbox 100 2599 192 2662; x_wconf 88' lang='lat' dir='ltr'><strong>Nune,</strong></span> <span class='ocrx_word' id='word_1_213' title='bbox 205 2617 290 2662; x_wconf 88' lang='lat' dir='ltr'><strong>nunc,</strong></span> <span class='ocrx_word' id='word_1_214' title='bbox 303 2607 430 2652; x_wconf 84' lang='lat' dir='ltr'><strong>cruentae</strong></span> <span class='ocrx_word' id='word_1_215' title='bbox 441 2603 512 2668; x_wconf 85' lang='lat' dir='ltr'><strong>regis</strong></span> <span class='ocrx_word' id='word_1_216' title='bbox 524 2604 639 2668; x_wconf 82' lang='lat' dir='ltr'><strong>Aegypti</strong></span> <span class='ocrx_word' id='word_1_217' title='bbox 651 2615 748 2662; x_wconf 87' lang='lat' dir='ltr'><strong>nurus,</strong></span> 
     </span>
    </p>
   </div>
   <div class='ocr_carea' id='block_1_3' title="bbox 100 2667 701 2738">
    <p class='ocr_par' dir='ltr' id='par_1_26' title="bbox 100 2667 701 2738">
     <span class='ocr_line' id='line_1_36' title="bbox 100 2667 701 2738; baseline -0.003 -18"><span class='ocrx_word' id='word_1_218' title='bbox 100 2669 214 2732; x_wconf 78' lang='lat' dir='ltr'><strong>Adeste,</strong></span> <span class='ocrx_word' id='word_1_219' title='bbox 226 2671 311 2720; x_wconf 90' lang='lat' dir='ltr'><strong>multo</strong></span> <span class='ocrx_word' id='word_1_220' title='bbox 322 2672 451 2738; x_wconf 77' lang='lat' dir='ltr'><strong>sanguine</strong></span> <span class='ocrx_word' id='word_1_221' title='bbox 461 2669 581 2722; x_wconf 83' lang='lat' dir='ltr'><strong>infectae</strong></span> <span class='ocrx_word' id='word_1_222' title='bbox 593 2667 701 2720; x_wconf 85' lang='lat' dir='ltr'><strong>manus!</strong></span> 
     </span>
    </p>
   </div>
   <div class='ocr_carea' id='block_1_4' title="bbox 101 2713 902 2854">
    <p class='ocr_par' dir='ltr' id='par_1_27' title="bbox 101 2713 902 2854">
     <span class='ocr_line' id='line_1_37' title="bbox 101 2713 902 2854; baseline -0.007 -65"><span class='ocrx_word' id='word_1_223' title='bbox 101 2737 188 2789; x_wconf 88' lang='lat' dir='ltr'><strong>Deest</strong></span> <span class='ocrx_word' id='word_1_224' title='bbox 199 2753 253 2790; x_wconf 91' lang='lat' dir='ltr'><strong>una</strong></span> <span class='ocrx_word' id='word_1_225' title='bbox 263 2753 375 2790; x_wconf 89' lang='lat' dir='ltr'><strong>numero</strong></span> <span class='ocrx_word' id='word_1_226' title='bbox 386 2739 502 2790; x_wconf 73' lang='lat' dir='ltr'><strong>Danai&#39;sr</strong></span> <span class='ocrx_word' id='word_1_227' title='bbox 514 2739 628 2804; x_wconf 86' lang='lat' dir='ltr'><strong>explebo</strong></span> <span class='ocrx_word' id='word_1_228' title='bbox 640 2735 738 2854; x_wconf 64' lang='lat' dir='ltr'><strong>nefpp.²</strong></span> <span class='ocrx_word' id='word_1_229' title='bbox 852 2713 902 2784; x_wconf 75' lang='lat' dir='ltr'><strong>soh</strong></span> 
     </span>
    </p>
   </div>
   <div class='ocr_carea' id='block_1_5' title="bbox 0 0 1136 3082">
    <p class='ocr_par' dir='ltr' id='par_1_28' title="bbox 0 0 1136 3082">
     <span class='ocr_line' id='line_1_38' title="bbox 0 0 1136 3082; baseline 0 0"><span class='ocrx_word' id='word_1_230' title='bbox 0 0 1136 3082; x_wconf 95' lang='lat' dir='ltr'><strong> </strong></span> 
     </span>
    </p>
   </div>
  </div>
 </body>
</html>
