2262 3082
217 192 233 241 8
413 185 446 238 1..
463 183 620 238 inurar
640 185 830 239 SENECAE

276 292 361 342 Error
379 304 423 350 ue,
435 291 462 339 et
471 289 498 338 in
508 301 537 338 se
548 301 657 356 semper
668 295 788 339 arnratus
800 289 884 341 Furor

275 360 351 419 Hoc,
362 305 415 407 boc
433 357 556 416 ministro
568 363 661 407 noster
672 364 765 407 utatur
776 352 862 408 dolor.

214 429 266 477 100
275 426 398 492 lucipite,
410 421 529 476 lanrulac
539 422 623 474 Ditis:
635 425 774 474 ardentem
785 427 859 477 citae

277 496 420 544 Concutite
431 495 531 558 pinum,
544 499 572 543 et
583 497 680 558 agmen
692 489 856 543 horrendum
867 490 999 561 anguibus

275 563 407 628 Megaera
418 561 509 622 ducat,
521 567 606 626 atque¹
614 561 734 610 luctifica
744 577 826 611 manu
889 619 891 626 y

275 628 389 680 Vastam
400 644 468 696 rogo
481 628 613 694 flagrante
626 629 756 694 corripiat
767 627 886 679 trabem!

275 698 338 748 Hoc
349 699 421 764 agite
432 713 438 745 ε
450 709 552 762 poenas
563 697 648 761 petite
660 695 776 746 violatae
788 695 893 762 Stygis!

216 766 266 816 105
276 767 419 816 Concutits
429 763 537 832 pectus!
549 765 639 814 aerior
649 767 766 814 montem
778 770 929 832 excoquat,

276 835 364 895 Quam
375 834 421 900 qui
432 834 543 883 caniinis
552 833 623 899 ignis
634 833 760 882 Aetnaeis
770 828 849 882 liniti

277 901 312 950 Ut
323 901 409 965 possit
420 903 537 948 animum
549 905 644 964 captus
655 899 760 950 rllcides
772 901 826 966 agi,

276 969 378 1034 Magno
389 965 481 1016 lurore
493 967 624 1030 percitus:
636 967 714 1015 nobis
726 969 800 1031 prius

277 1034 468 1086 insaniendum
480 1039 530 1082 est.
568 1033 645 1094 luno,
657 1047 705 1081 cur
716 1033 834 1082 nondum
845 1032 929 1086 turici

219 1105 269 1154 110
280 1103 341 1164 Mc,
353 1115 409 1164 me,
421 1113 543 1160 sorores,
556 1105 646 1150 mente
658 1099 791 1150 deiectam
801 1106 863 1154 met

170 1166 181 1241 Ἰ
278 1170 395 1222 Versata
406 1169 529 1236 primam,
540 1165 633 1218 facere
643 1169 665 1217 si
676 1169 820 1235 quidquam
833 1170 936 1236 adparo

174 1248 178 1262 '
278 1240 397 1306 Dignum
408 1241 534 1286 noverca.
571 1237 627 1285 lam
640 1235 703 1286 odia
713 1243 852 1288 mutentur
862 1254 924 1292 mea

280 1307 387 1358 Gnatos
396 1309 522 1356 reversus
532 1303 623 1354 videat
634 1303 796 1366 incolumes,
807 1321 919 1372 precor,

278 1376 415 1440 Manuquc
426 1373 505 1424 fortis
516 1373 618 1422 redcat.
654 1365 746 1421 lnveni
758 1373 843 1436 diem,

219 1443 270 1494 115
281 1444 370 1493 invisa
381 1457 435 1508 quo
445 1457 496 1491 nos
506 1435 632 1490 Herculis
643 1442 728 1490 virtus
738 1441 825 1491 iuvet:

278 1513 325 1562 Me
336 1512 439 1576 pariter
449 1511 477 1560 et
488 1522 517 1558 se
528 1510 633 1570 uuest,
645 1513 673 1558 et
684 1510 776 1576 cupiat
786 1509 856 1559 mori

279 1579 318 1629 Ab
328 1578 425 1628 inieris
438 1585 569 1627 reversus.
606 1571 659 1626 llic
672 1579 757 1642 prosit
768 1575 847 1638 mihi,

280 1648 345 1697 love
356 1661 415 1696 csse
427 1645 556 1712 genitum.
594 1637 692 1703 stabo,
703 1649 744 1706 et,
756 1651 786 1693 ut
797 1649 874 1694 certo
886 1653 984 1697 exeant

280 1716 387 1766 Emissa
398 1729 483 1766 nervo
492 1711 561 1774 tela,
571 1705 675 1763 librabo
687 1727 809 1775 manum,

221 1785 272 1840 120
281 1784 383 1850 Regum
394 1783 508 1834 furentis
520 1787 609 1843 arma,
620 1783 749 1848 pugnanti
761 1776 873 1832 Herculi

283 1852 405 1902 Tandem
417 1847 523 1902 lavabo.
549 1849 669 1916 ¹Scelere
681 1849 804 1915 perlecto
815 1851 881 1900 licet

281 1919 413 1970 Admittat
422 1920 482 1967 illos
492 1919 599 1983 genitor
609 1919 636 1966 ln
648 1914 752 1969 coelum
763 1923 867 1966 manus.

351 1983 487 2036 Movenda
497 1985 551 2032 iarn
563 1981 625 2032 sunt
634 1977 717 2032 bella:
731 1983 856 2034 clarescit
866 1981 937 2044 dies,

283 2055 405 2120 Ortoque
416 2053 497 2102 Titan
508 2049 613 2100 lucidus
625 2057 723 2101 croceo
735 2050 816 2100 subit

362 2193 531 2248 auctos
554 2191 877 2246 rurnuuouou.

280 2283 389 2326 Glroruse
406 2271 519 2326 Thebanis
535 2296 551 2322 u
567 2279 717 2377 ὁμαιμίου
730 2286 793 2328 ortus
812 2281 866 2334 uid,
886 2287 1020 2337 utaffuatm

223 2353 290 2382 curas
303 2337 420 2394 cnidiaque
434 2341 541 2386 rinmunt,
560 2331 634 2376 Hercu
644 2348 678 2376 esu
688 2329 800 2378 triaducr‘ue
814 2336 838 2378 iu
846 2338 960 2382 laboribus
970 2343 1019 2384 subs

222 2395 298 2438 erendr's
318 2399 398 2443 tacut,
422 2391 485 2436 vitm
507 2389 600 2447 denique
618 2381 709 2432 tumltu
728 2388 810 2434 laudat
829 2389 1020 2452 tranquillitatem

223 2455 339 2506 aptatque.

222 2529 272 2588 115
343 2535 411 2586 lam
421 2539 485 2583 rara
495 2525 596 2582 micant
606 2527 695 2582 tidem
706 2537 791 2602 prono

281 2599 424 2669 Languida
433 2599 548 2662 mulid03
559 2607 613 2649 nox
624 2602 696 2649 sicta
708 2597 792 2666 vagos

283 2668 426 2722 contrahit
435 2671 512 2737 ignes
521 2661 583 2719 luce
594 2669 703 2723 renutat
