2262 3082
280 220 521 281 anus'rusq
552 224 637 274 nult
658 224 692 274 ll.
846 223 881 276 55

81 328 164 394 Tegit
173 341 206 376 ac
217 331 322 388 tuetur,
334 325 411 376 clade
423 323 532 376 funesta
543 325 659 375 occidat.

81 397 159 446 llaec
169 397 231 462 ipsa,
241 395 344 460 pollens
354 394 450 458 inclyti
460 393 568 458 Pelopis
580 393 675 444 donnus
829 394 880 446 190

81 464 154 514 Ruat
165 463 208 514 vel
217 465 244 512 in
254 477 311 524 me,
324 462 469 512 dummodo
480 463 507 512 in
518 462 631 512 fratrem
641 469 711 513 ruat.

80 533 152 598 Age,
164 533 266 594 anime,
277 531 335 590 lac,
348 531 419 596 quod
430 530 502 580 nulla
513 532 659 596 posteritas
670 531 780 596 probet,

83 599 137 652 Sed
149 601 221 650 nulla
231 597 335 650 taceat!
348 599 457 664 aliquod
468 599 619 650 audendum
632 606 673 650 est
685 599 761 650 nefas

81 671 180 731 Atrox,
191 673 345 730 cruentum;
357 667 424 728 tale,
436 669 507 734 quod
519 667 605 718 frater
615 683 690 718 meus

83 735 167 788 Suum
179 753 238 788 esse
250 737 333 789 malit.
353 735 464 786 Scelere
474 752 527 786 non
539 737 692 797 ulcisceris,
832 735 882 788 195

82 805 142 856 Nisi
152 807 244 856 vincis.
256 833 288 842 -
299 805 405 870 Ecquid
416 821 475 855 esse
486 811 542 856 tam
552 820 664 854 saevum
674 810 778 870 potest,

84 874 166 934 Quod
177 879 287 938 superet
296 871 386 922 illuml
397 873 523 938 numquid
536 873 658 924 abiectus
668 871 757 924 iacctl

83 942 218 1009 Numquid
230 941 354 992 secundis
367 942 468 1005 patitur
479 943 506 990 in
515 942 595 990 rebus
607 941 730 1004 modum,

16 1057 19 1062 n
82 1012 174 1062 Fossis
187 1009 321 1078 quieternl
332 1007 401 1058 Novi
414 1024 465 1075 ego
476 1011 612 1076 ingenium
624 1012 674 1060 riri

83 1079 215 1130 indocile:
227 1077 300 1128 llecti
311 1094 365 1128 non
377 1084 483 1142 potest,
494 1077 583 1144 frangi
594 1084 694 1145 potest.
831 1082 882 1130 200

83 1149 180 1210 Proin,
192 1154 337 1214 antequam
347 1163 377 1198 se
389 1147 478 1196 firmet
489 1153 537 1196 aut
546 1149 615 1198 vires
627 1153 717 1213 paret,

83 1217 198 1266 Petatur
207 1217 290 1268 ultro:
302 1232 335 1267 ne
346 1217 529 1284 quiescentem
542 1223 624 1280 petat.

83 1286 136 1336 Aut
147 1285 254 1350 perdet,
268 1291 315 1334 aut
325 1285 438 1351 peribit3
447 1287 474 1334 in
485 1285 574 1336 medio
587 1291 628 1334 est
639 1285 727 1334 scelus

83 1353 206 1404 Positum
217 1355 370 1420 occupanti.
390 1367 460 1403 sur.
480 1353 566 1404 Fama
576 1359 604 1404 te
615 1353 706 1418 populi
718 1351 783 1402 nihil

83 1422 203 1473 Adversa
217 1421 319 1472 terretl·
340 1435 415 1472 nra.
442 1421 591 1472 Maximum
608 1420 660 1471 lroc
675 1423 751 1488 regni
765 1423 811 1472 bo·

119 1513 120 1517 ¹
485 1497 615 1552 comest,
832 1485 882 1540 205

83 1559 164 1620 Quod
174 1558 249 1612 facto
260 1559 361 1610 domini
371 1561 479 1626 cogitur
490 1559 605 1625 populus
616 1559 657 1608 sui

84 1627 251 1690 'Pamie1·re,
263 1643 343 1695 quam
353 1627 473 1678 laudare.
492 1643 563 1692 ssu.
575 1628 822 1694 Quoscogitmetus

83 1695 224 1758 Laudare,
237 1697 346 1748 eosdem
358 1696 448 1746 reddit
456 1699 580 1747 inimicos
590 1703 686 1746 metus.

82 1765 117 1816 At
129 1766 174 1832 qui
185 1764 286 1816 favoris
298 1766 412 1831 gloriam
422 1767 478 1815 veri
490 1767 571 1830 petit,

81 1834 177 1888 Animo
189 1835 275 1900 magis
286 1848 366 1900 quam
376 1849 444 1886 voce
455 1833 645 1884 laudarivolet.
761 1875 763 1882 .
832 1834 882 1882 210

83 1917 101 1952 n
108 1915 126 1950 Τ
133 1915 159 1950 n.
178 1901 253 1952 Laus
263 1917 328 1952 vera
339 1908 366 1953 et
375 1900 468 1952 humili
479 1917 562 1967 soene
572 1901 705 1966 contingit
715 1900 773 1950 viro
779 1916 787 1963 3

82 1969 144 2022 Non
155 1971 205 2020 nisi
216 1971 319 2038 potenti
331 1969 408 2020 falsa
426 1971 506 2032 Quod
517 1971 625 2032 nolunt,
637 1969 727 2020 velint.

83 2051 155 2090 ssu.
173 2038 232 2089 Rex
243 2037 446 2090 velit'honesta=
457 2055 536 2090 nemo
547 2054 600 2089 non
612 2038 708 2088 eadem
718 2038 799 2088 volet.

66 2105 67 2109 ’
82 2121 156 2157 nun.
176 2108 334 2175 Ubicunque
345 2106 820 2168 tantumhonestadominentilicent‚

81 2176 211 2226 Precarlo
222 2182 360 2242 regnatur.
385 2191 456 2227 snm
475 2177 525 2227 Ubi
537 2191 590 2226 non
602 2182 644 2228 est
654 2175 751 2240 pudor,
831 2175 882 2225 215

81 2243 140 2294 Neo
152 2246 306 2307 conuiuiis,
320 2247 464 2306 sanctitas,
478 2247 579 2310 pietas,
591 2245 671 2294 fides:

82 2313 384 2380 lnstabileregnnmest.
402 2327 477 2364 arn.
490 2312 635 2374 Sanctitas,
642 2313 738 2378 pletas,
744 2312 821 2374 fides,

81 2381 193 2432 Privata
201 2382 275 2432 bona
284 2389 360 2446 sunt;
374 2397 427 2450 qua
438 2383 525 2441 iuvat,
538 2395 619 2448 reges
629 2386 700 2431 eant.

83 2463 155 2499 snr.
175 2449 259 2500 Nefas
270 2465 370 2503 nocere
381 2452 425 2502 vel
433 2451 505 2500 malo
517 2449 595 2500 fratri
608 2454 682 2514 puts.

83 2529 157 2568 arn.
168 2517 221 2569 Fas
232 2525 274 2570 est
285 2521 312 2570 ln
322 2520 383 2582 illo,
395 2518 523 2586 quidquid
531 2520 559 2567 in
571 2517 656 2568 fratre
667 2522 709 2568 est
717 2515 806 2568 nelos:
831 2517 881 2566 220

83 2586 154 2645 Quid
165 2589 236 2637 enim
246 2588 354 2654 reliquit
365 2589 476 2639 crimine
485 2589 633 2646 intactum,
645 2591 692 2634 aut
702 2585 748 2635 ubi
808 2633 813 2656 ι

83 2652 184 2704 Sceleri
196 2655 335 2720 pepercitl
347 2651 495 2722 Coniugoln
506 2660 601 2719 stupro
613 2653 737 2712 abstulit,

81 2722 349 2791 Regnumquelurto.
368 2723 511 2791 Spectmen
521 2725 661 2790 antiquum
671 2721 766 2786 imperi
