2274 3086
171 259 174 262 .
250 197 526 250 AGAMEMNON.
563 199 652 248 hc'r'.
671 197 704 248 lr.
837 195 887 244 263

76 302 118 353 Et
128 305 199 368 post
207 306 322 366 tropaea
333 302 417 351 'l'roia
428 315 460 349 ac
470 315 577 351 versum
587 300 665 348 llium
837 297 887 346 190

76 373 188 436 Captae
199 371 312 419 maritus
323 376 428 419 remeat
438 376 466 418 et
477 369 575 418 Priami
586 383 678 434 gener.

75 439 249 505 Adcingere,
262 440 362 488 anime:
374 437 445 488 belia
456 453 508 486 non
517 437 589 485 ,levia
600 437 724 501 adparas.

78 506 181 557 Scelus
193 506 379 572 occupandum
391 505 445 556 est!
466 507 561 572 Pigra,
574 520 651 571 quem
663 503 886 570 expectasdremt

78 567 201 641 Pelopia
213 573 350 639 Phrygiae
362 580 471 640 sceptra
481 575 544 624 dum
555 579 666 624 teneant
678 570 777 622 nurusi·

78 645 123 694 An
134 649 164 694 te
176 649 317 692 morantur
328 644 444 709 virgines
454 644 551 692 viduae
562 643 643 703 domi,
837 641 887 690 195

79 711 218 776 Patrique
230 712 341 762 Orestes
353 710 462 762 similist
483 712 589 760 Horum
601 717 627 760 te
638 711 711 780 mala

80 780 212 832 Ventura
221 786 361 841 moveant,
373 781 452 830 turbo
465 781 523 846 quis
536 795 625 830 rerum
635 781 765 829 imminet.

84 849 175 910 Quid,
185 849 297 908 misera,
309 847 416 899 cessas‘i
437 849 491 909 En,
503 848 581 898 adest
592 849 681 914 gnatis
692 848 746 897 tuis

82 919 194 968 Furens
204 915 334 967 noverca!
356 917 409 968 Per
418 922 508 978 tuum,
520 917 541 966 si
553 917 632 966 aliter
642 917 743 983 nequit,

83 986 176 1037 Latus
188 986 313 1052 exigatur
323 987 407 1047 ensis,
419 992 446 1036 et
457 987 572 1051 perimat
583 983 663 1034 duos!
838 984 890 1033 200

84 1055 175 1106 Misce
187 1053 324 1104 cruorem!
346 1055 427 1120 perde
439 1053 577 1120 pereundo
588 1052 687 1102 virum!

85 1123 166 1174 Mors
178 1123 278 1172 misera
286 1138 342 1173 non
355 1129 397 1174 est
408 1125 537 1174 commori
550 1137 610 1172 cum
622 1136 674 1188 quo
685 1123 759 1173 veiis.

85 1206 131 1242 aru
139 1205 190 1240 ru.
201 1191 317 1258 Regina,
329 1191 406 1242 frena
416 1198 501 1242 temet
511 1199 539 1241 et
549 1193 613 1242 siste
625 1193 765 1256 impetum,

86 1262 139 1321 Et,
150 1266 251 1326 quanta
262 1267 363 1322 tentes,
373 1260 478 1328 cogita!
501 1260 598 1312 Victor
607 1262 681 1311 venit

87 1331 168 1380 Asiae
180 1328 293 1390 ferocis,
304 1331 377 1380 ultor
389 1332 527 1396 Europam
539 1328 624 1380 trahit
842 1325 891 1376 205

89 1399 203 1463 Captiva
214 1397 349 1464 Pergama
358 1406 386 1449 et
397 1399 441 1449 diu
453 1401 540 1449 victos
551 1398 684 1464 Phrygas.

90 1467 171 1515 Hunc
182 1464 278 1516 fraude
290 1483 360 1516 nunc
371 1469 477 1516 conaris
488 1473 516 1516 et
527 1466 601 1516 furto
613 1465 733 1533 adgredi,

92 1535 178 1594 Quem
189 1548 242 1582 non
254 1533 368 1585 Achilles
380 1551 442 1586 ense
454 1535 565 1586 nolant
577 1535 645 1596 iero,

93 1601 222 1662 Quamvis
234 1617 378 1666 procacem
390 1609 483 1654 torvus
494 1610 627 1654 armasset
638 1617 760 1666 manum,

91 1669 152 1720 Non
165 1669 259 1718 melior
270 1672 349 1732 Aiax,
361 1679 448 1722 rnortc
460 1674 571 1724 decreta
581 1672 687 1736 furens3
843 1671 893 1719 210

93 1738 154 1789 Non
165 1737 223 1787 sola
235 1737 337 1788 Danais
347 1740 453 1790 Hector
463 1747 491 1790 et
500 1741 572 1790 bello
585 1755 675 1802 mora3

93 1806 154 1857 Non
163 1806 218 1855 tela
228 1807 333 1856 Paridis
345 1815 434 1870 certa3
445 1823 498 1857 non
509 1809 637 1858 Mcnmon
650 1809 721 1873 niger

94 1875 154 1928 Non
164 1873 290 1924 Xanthus
302 1878 382 1926 armis
394 1891 511 1941 corpora
520 1877 650 1926 immixtis
660 1891 767 1941 gerens,

93 1945 256 2010 Fluctusque
268 1941 366 1994 Simois
377 1944 460 1996 caede
474 1961 624 2012 purpureos
636 1959 731 2012 agens;

95 2013 153 2064 Non
164 2014 243 2062 nivea
254 2013 343 2077 proies
355 2015 462 2079 Cycnus
474 2016 603 2080 aequorei
615 2014 672 2075 dei3
843 2015 892 2066 215

13 2111 14 2116 =
95 2081 155 2132 Non
165 2081 295 2132 bellicoso
308 2080 428 2133 Thressa
440 2099 500 2133 cunr
512 2082 603 2133 Rheso
616 2081 746 2149 phalanx3

96 2150 153 2201 Non
165 2151 237 2216 picta
249 2148 390 2215 pharetras
402 2157 430 2202 et
440 2154 596 2218 securigera
606 2167 685 2202 rnamr

96 2220 201 2270 Peltata
211 2218 347 2269 Amazoni
368 2219 438 2270 hunc
450 2221 521 2270 domi
535 2221 660 2271 reducem
674 2237 754 2288 paras

96 2288 224 2348 Mactata,
236 2294 264 2338 et
274 2303 336 2338 aras
347 2289 430 2340 caede
441 2291 578 2340 maculare
588 2289 687 2356 impiai

98 2356 180 2404 Ultrirr
190 2356 303 2409 inultum
316 2357 433 2409 Graecia
444 2356 496 2408 hoc
507 2358 613 2409 facinus
624 2358 711 2410 tereti
844 2363 894 2410 22⁰

99 2423 185 2488 Equos
197 2431 224 2474 et
235 2441 310 2476 arma
321 2425 631 2492 classibusquehorrens
643 2427 740 2478 fretum

58 2503 61 2508 ·
99 2490 234 2556 Propone,
246 2499 274 2542 et
284 2493 338 2544 aito
349 2497 479 2560 sanguine
490 2497 629 2546 exundans
640 2497 737 2558 solum,

100 2560 133 2610 Et
142 2565 201 2610 tota
211 2566 307 2625 captae
318 2561 376 2612 fata
386 2563 542 2615 Dardaniae
553 2565 649 2616 domus

101 2627 214 2693 Regesta
223 2628 339 2678 Danais!
362 2633 514 2698 Comprime
526 2634 650 2685 adfectus
663 2641 762 2696 truces,

100 2695 268 2764 Mentemque
279 2697 385 2749 tibimet
395 2701 455 2766 ipsa
466 2703 582 2766 pacifica
592 2701 679 2752 tuam!
843 2702 893 2754 225
