2274 3086
235 193 287 248 25⁰
453 191 486 242 [ι.
504 186 659 242 Axn'nei
679 189 870 242 SENECAE

234 299 286 347 8ἵο
299 308 399 346 cnon.
418 293 585 357 Quaimnde
596 293 686 361 eapti!
703 308 803 343 susc.
822 296 884 355 Qua
893 295 983 344 solent
992 309 1038 346 re·

753 365 866 428 escapi:

294 433 390 483 Donis.
427 444 526 481 cnon
546 430 637 480 inillis
648 445 708 481 esse
719 379 778 497 qfiis
789 433 879 496 potuit
888 428 982 482 dolus!

295 514 395 551 κυπτ.
406 501 443 550 Et
453 503 512 565 ipse
523 499 620 562 miror3
632 501 729 566 vixque
740 502 794 548 iam
804 500 880 550 iacto
890 500 964 549 malo

294 569 421 620 Potuisse
432 569 490 617 fieri
503 567 595 617 credo.
617 581 718 616 cnon.
739 569 806 629 Quis
822 567 906 618 cladis
920 563 1034 618 modus!

295 637 504 688 susmdvidus
515 651 680 704 peromnem
692 638 784 702 regine
796 643 900 702 partem
911 636 985 695 furit,
1025 671 1029 675 -

236 708 287 760 875
299 709 335 758 Ut
344 707 447 768 iussus,
456 707 539 772 ignis:
549 707 603 754 iam
615 705 711 754 domus
721 712 781 754 tots
792 705 904 768 occidit3

296 776 360 828 Urbi
371 776 490 826 timetur.
530 787 629 824 cuom
648 775 727 824 Unda
737 773 858 824 flammas
871 775 1013 840 opprimat.

297 858 362 894 sus
370 857 396 892 τ.
407 845 443 893 Ei
452 841 506 893 hoc
517 845 543 893 in
553 844 608 892 ista
617 843 693 892 ciade
704 843 854 892 mirandum
866 843 977 892 accidit:

297 912 350 962 Alit
360 911 433 962 unda
443 911 579 974 flammam
591 927 698 978 quoque
709 909 868 976 prohibetur
876 912 971 978 magis,

297 981 386 1046 Magis
397 980 475 1030 ardet
485 981 569 1047 ignis3
581 981 640 1046 ipso
652 981 786 1045 praesidia
797 985 923 1046 occupat.
1025 987 1029 994 ’

239 1051 289 1098 880
300 1062 399 1098 suum
410 1047 486 1098 Effer
497 1051 609 1099 citatum
621 1049 686 1098 sede
697 1049 816 1114 Pelopea
827 1050 953 1114 gradum,

298 1116 409 1167 Medeai
431 1131 563 1182 praeceps
575 1118 709 1184 quaslibet
720 1124 807 1167 terres
819 1116 895 1182 pete!

299 1198 340 1234 se
348 1199 376 1233 o.
387 1185 473 1250 Egon*
485 1191 517 1234 ut
526 1185 668 1236 recedam!
691 1185 718 1236 Si
730 1186 910 1252 profugissem
920 1185 1007 1250 prius:

298 1253 338 1303 nd
349 1251 402 1303 hoc
413 1253 538 1304 redirem.
573 1254 687 1319 Nuptias
698 1261 794 1320 specto
805 1253 901 1304 novas!

299 1321 384 1384 Quid,
394 1321 495 1384 anime,
508 1321 616 1373 cessas!
638 1321 757 1389 Sequere
774 1323 879 1374 felicem
894 1323 1038 1388 impetums

239 1391 289 1442 885
302 1391 370 1442 Pars
380 1390 490 1441 ultionis
499 1393 566 1452 ista,
579 1407 632 1458 qua
642 1392 759 1457 gaudes,
771 1398 855 1458 quota
865 1389 923 1442 esti

299 1461 378 1510 Amas
391 1455 493 1521 adhuc,
505 1459 622 1521 furiosa,
634 1461 655 1509 si
666 1462 734 1510 satis
745 1462 846 1510 esttibi

300 1527 415 1578 Coelebs
426 1528 520 1578 lason:
533 1543 632 1596 quaere
644 1543 792 1595 poenarum
804 1543 889 1595 genus

298 1596 381 1646 Haud
392 1598 534 1659 usitatum,
544 1599 651 1663 iamque
663 1600 702 1647 sic
714 1603 799 1648 temet
810 1613 888 1663 para:

298 1665 352 1715 Fas
363 1680 442 1716 omne
453 1665 546 1728 cedat,
558 1666 640 1716 abeat
650 1667 777 1732 expulsus
787 1665 882 1732 pudor.

238 1733 288 1784 89⁰
299 1733 427 1785 Vindicta
436 1734 502 1785 levis
515 1739 572 1796 est,
584 1750 662 1802 quam
675 1742 766 1786 ierunt
777 1750 860 1800 purae
871 1747 981 1784 monus:

297 1801 425 1858 incumbe
435 1805 461 1853 in
472 1804 541 1864 iras,
553 1809 632 1869 teque
643 1803 815 1870 languentem
827 1803 925 1863 excita,

296 1872 461 1938 Penitusque
472 1878 578 1922 veteres
590 1877 701 1937 pectore
713 1887 745 1921 ex
757 1874 811 1921 imo
822 1873 939 1936 impetus

296 1939 440 1991 Vioientus
450 1938 541 1990 hauri!
564 1940 700 2006 Quidquid
711 1941 856 1992 admissum
868 1945 910 1990 est
921 1935 1017 1998 adhuc,

296 2007 389 2058 Pietas
398 2013 519 2058 vocetur.
555 2009 617 2058 Hoc
630 2023 693 2074 age,
707 2015 734 2060 et
744 2008 809 2058 faxo
820 2010 917 2068 sciant,

191 2093 193 2100 ⁴
237 2077 287 2128 895
299 2077 385 2136 Quium
395 2075 465 2126 levia
475 2075 577 2126 fuerint
587 2069 720 2143 quomqu'e
731 2077 848 2143 vulgaris
858 2082 942 2126 notae

298 2145 374 2206 Quae
386 2145 554 2195 commodavi
566 2145 678 2196 scelera.
715 2145 835 2196 Prolusit
846 2145 923 2194 dolor

296 2211 351 2264 Per
360 2213 414 2262 iste
424 2217 525 2263 noster.
563 2213 634 2274 Quid
645 2225 740 2264 mimus
751 2219 880 2280 poterant
889 2211 969 2263 rudes

296 2280 402 2332 dudere
413 2279 556 2346 magnoni
578 2282 640 2348 quid
652 2283 778 2347 puellaiis
789 2281 883 2332 furori

296 2348 396 2402 Medea
405 2364 475 2399 nunc
486 2365 558 2412 sum;
572 2351 657 2399 crevit
668 2351 803 2417 ingenium
815 2351 900 2404 molis.

236 2417 286 2470 90⁰
298 2419 389 2481 iuvet,
400 2417 474 2468 iuvet
486 2415 607 2484 mouisse
618 2417 766 2470 fraternum
779 2424 875 2484 ceput3
960 2476 965 2482 ¹

295 2489 375 2538 Actus
385 2488 460 2538 iuvet
470 2488 602 2548 secuisse,
616 2493 644 2538 et
654 2503 754 2538 arcano
766 2494 870 2554 petrem

296 2555 432 2623 spoliasse
442 2570 535 2619 secr03
546 2557 622 2606 iuvat
632 2558 659 2606 in
671 2558 782 2608 exitium
794 2557 866 2606 senis

295 2625 420 2676 Armcsse
432 2629 520 2675 ostes.
557 2625 663 2687 Quaere
675 2627 831 2685 materiem,
843 2623 934 2674 dolor:

293 2693 334 2745 Ad
346 2707 425 2746 omne
436 2691 542 2745 facinus
553 2708 608 2744 non
618 2691 713 2744 rudem
725 2693 849 2748 dextrum
860 2692 978 2744 adferes.
