2134 3088
295 195 489 248 ocravla
507 199 585 250 ACT.
597 199 618 249 1.

65 301 134 367 ragat
144 305 170 352 et
179 299 291 349 moestis
303 297 411 348 fletibus
423 313 479 349 ora.

64 370 198 435 Postquam
210 382 272 432 spos
284 373 325 416 est
336 367 407 417 uuila
418 369 525 418 salutis:

64 437 155 488 ardeus
165 439 268 486 iratam
279 436 351 484 ricta
362 436 452 486 matis:

63 506 179 569 „Haec,“
192 503 339 565 exclamat,
352 503 434 566 „mihi
448 521 497 570 pro
509 511 585 558 tanto

62 575 164 626 Munere
173 572 263 626 reddis
275 575 408 638 praemia,
420 571 500 624 natet

61 643 117 694 Har
128 657 197 703 sum,
210 641 312 703 fateor,
325 643 405 709 digna
417 645 517 706 carina,

62 713 131 773 Quae
144 717 168 760 te
180 711 275 776 genui,
287 725 356 776 quae
367 713 414 760 tibi
425 711 512 762 lucem

60 783 139 846 Atque
149 780 290 844 imperium
301 795 451 847 nomenque
461 781 525 844 dedi,

61 851 185 908 Caesaris,
197 863 297 898 amens.

59 919 144 968 Exere
154 916 242 966 vultus
253 914 406 980 Acheronte
417 922 490 979 tuos,

58 987 205 1050 Poenisque
217 986 282 1034 mais
295 1000 423 1050 pascere,
434 987 546 1037 coniux:

57 1056 114 1121 Ego
126 1067 206 1104 causa
217 1059 293 1116 tuae,
305 1054 470 1116 miserande,
483 1057 566 1118 necis,
661 1055 665 1064 '

57 1123 180 1189 Nataque
190 1128 238 1172 tuo
250 1121 352 1174 funeris
364 1129 468 1174 auctor.
552 1133 556 1140 ·

55 1193 148 1254 En,ut
156 1193 250 1254 merui,

53 1262 137 1313 Ferar
148 1260 181 1310 ad
192 1275 284 1311 manes
294 1259 435 1312 inhumata
445 1267 516 1324 tuos,

56 1330 157 1380 Obruta
167 1331 254 1379 saeris
266 1332 391 1396 aequoris
403 1331 495 1380 undis!
506 1333 524 1360 “

52 1399 163 1449 Foriunt
174 1397 271 1447 iluctus
283 1414 331 1448 ora
343 1399 493 1463 loquentis;

52 1467 116 1518 Ruit
126 1468 152 1514 in
164 1465 284 1530 pelagus,

52 1536 220 1598 Rursumqus
233 1532 290 1582 salo
303 1547 398 1596 pressa
408 1535 537 1602 resurgit3

51 1602 132 1655 Petris
143 1601 239 1670 palmis
251 1607 367 1670 cogente
378 1610 451 1654 metu

50 1673 134 1736 Fata,
147 1681 174 1724 et
186 1673 259 1724 corlit
269 1672 342 1722 fessa
352 1673 447 1722 labori.

49 1744 155 1794 Mansit
165 1743 255 1792 tacitis
267 1743 293 1790 in
305 1741 461 1806 pectoribus

50 1811 152 1877 Spreta
163 1811 233 1860 tristi
244 1811 298 1859 iam
309 1815 398 1860 morte
409 1808 491 1858 fidos:

46 1881 129 1931 Multi
142 1880 268 1929 dominae
279 1877 351 1928 ferro
363 1878 491 1928 auxilium

46 1949 153 2014 Pelago
166 1947 261 1997 fractis
273 1947 375 1995 viribus
387 1946 497 2006 audant,

45 2015 170 2068 Brachia
183 2017 304 2084 quamvis
315 2016 389 2064 lenta
399 2013 551 2064 trahentem

44 2085 127 2137 Voce
138 2083 297 2144 hortantur,
309 2083 485 2149 manibusque
496 2082 595 2133 levant.

44 2153 120 2215 Quid
132 2153 183 2202 tibi
193 2154 267 2203 saevi
278 2150 380 2220 fugisse
393 2153 475 2202 araris

41 2221 159 2274 Profuit
170 2220 272 2272 undasi

40 2293 134 2343 Ferro
147 2307 177 2342 es
190 2291 245 2340 nati
257 2292 390 2341 moritura
401 2291 450 2352 tui,

41 2361 131 2411 Cuius
144 2359 250 2410 facinus
261 2361 305 2410 vix
316 2361 472 2426 posteritas,

38 2427 140 2478 Tarde
153 2441 261 2493 semper
272 2427 395 2489 credula,
407 2427 510 2478 credat.

36 2496 139 2554 Furit,
153 2502 274 2559 ereptam
285 2497 435 2562 pelagoque
446 2495 522 2544 dolet

35 2563 151 2614 Vivere
162 2568 278 2610 matrem

34 2630 167 2694 Impius,
177 2629 273 2694 iugens
284 2631 458 2696 geminatque
469 2629 560 2694 nesast

31 2698 109 2752 Ruit
119 2698 150 2748 in
161 2697 276 2748 musmo
287 2697 345 2748 iata
354 2699 484 2766 parentis,
