2134 3088
348 229 540 282 oc‘rnvin.
559 232 636 284 AcT.
648 233 681 288 V.

105 331 156 382 Aut
166 329 274 380 exilium
287 333 382 400 regina
391 332 476 396 iubet,
505 370 510 376 -

106 397 133 449 Si
145 397 209 448 milri
221 401 304 450 vitam
316 402 405 452 fracta
415 404 531 454 remittit

105 467 160 518 'l'ot
169 469 224 518 iem
235 470 334 519 nostris
348 476 375 522 et
386 472 560 524 victamalis!

105 533 132 587 Si
143 537 227 588 caede
238 551 300 588 mea
310 539 447 590 cumulare
459 547 539 605 parat

105 603 208 656 Luctus
219 613 342 658 nostros:
352 609 456 659 invidet
466 611 549 660 etiam

105 673 158 724 Cur
167 675 194 724 in
207 677 296 740 patria
305 674 370 726 milii
380 692 462 728 saeva
472 678 559 729 mon‘i

104 741 157 792 Sed
168 744 222 792 iam
234 760 296 811 spes
307 752 350 796 est
361 746 432 796 nulla
442 746 549 798 salutis:

104 811 210 864 Fratris
222 829 304 863 cerno
315 815 469 865 miseranda
480 822 576 867 ratem.

102 881 181 931 llaec
192 887 247 944 est,
260 884 335 932 euius
347 891 427 934 veeta
438 885 531 934 carina

103 949 245 1012 Quondam
256 952 387 1018 genitrix,
399 968 470 1002 nune
481 959 509 1002 et
518 951 644 1007 thalamis

103 1018 223 1084 Expulsa
233 1035 312 1070 soror
325 1021 478 1071 miseranda
488 1019 579 1072 vehar.

102 1086 210 1137 Nullum
222 1087 314 1138 Pietas
326 1104 397 1140 nune
408 1105 505 1140 numen
517 1089 608 1155 habet,

102 1155 161 1207 Nee
171 1161 235 1206 sunt
246 1154 357 1222 Superi;

101 1225 209 1292 Regnat
218 1226 318 1276 mundo
330 1227 416 1276 tristis
427 1227 553 1293 Erinnys.

102 1293 168 1355 Quis
179 1309 240 1345 mea
251 1294 330 1361 digne
341 1294 442 1346 deliere
453 1303 546 1362 potest

101 1361 191 1414 Mala?
203 1379 272 1430 quae
282 1364 402 1414 lacrimis
413 1365 512 1414 nostris
524 1370 635 1432 questus

101 1431 208 1482 Reddet
219 1432 324 1482 aedunt
336 1435 412 1483 euius
423 1449 525 1500 pennas

100 1501 210 1552 Utinam
222 1501 338 1552 miserae
348 1499 413 1554 milri
424 1503 495 1552 Fata
504 1501 612 1554 darent!

100 1569 235 1636 Fugerem
247 1569 335 1621 luctus
347 1571 438 1621 ablata
448 1585 524 1621 meos

100 1637 197 1692 Penna
207 1637 325 1701 volucri,
336 1640 431 1704 procul
442 1645 470 1691 et
480 1645 576 1692 coetus

99 1707 249 1758 Hominum
260 1709 365 1769 tristes,
377 1708 543 1776 caedemque
561 1707 657 1762 ieram.
704 1729 708 1738 ·

100 1773 167 1826 Sola
176 1777 204 1828 in
214 1791 301 1826 vacuo
312 1792 437 1838 nemore,
448 1783 477 1828 et
486 1779 560 1828 tenui

98 1845 187 1896 llanm
197 1845 331 1911 pendens,
343 1847 455 1914 querulo
466 1861 575 1912 possem

101 1914 221 1965 Gutture
231 1921 367 1964 moestum
385 1915 499 1966 fundere
509 1929 638 1967 murmur.

102 1996 146 2034 cn
153 1996 170 2031 o
179 1997 204 2031 n.
214 1983 328 2050 Regitur
339 1983 403 2035 fatis
413 1985 527 2035 mortale
538 1999 633 2052 genus,

99 2049 159 2103 Nec
169 2051 220 2101 sibi
232 2053 377 2120 quidquam
387 2053 521 2120 spondere
532 2057 625 2120 potest

99 2119 221 2173 Firmum
232 2127 260 2172 et
270 2121 380 2172 stabile:

125 2204 156 2242 er
165 2204 235 2256 quae
247 2205 327 2241 cesus
338 2190 422 2241 volvit
432 2193 522 2242 varios

100 2255 216 2324 Semper
227 2259 305 2309 nobis
315 2260 461 2312 metuenda
472 2261 538 2310 dies.

98 2327 224 2377 Animum
235 2329 344 2379 firment
354 2329 478 2395 exempla
488 2335 573 2392 tuum,
624 2369 627 2374 .

97 2395 157 2446 lam
167 2396 253 2446 multa
262 2397 358 2448 domus
369 2413 438 2466 quae
450 2403 541 2449 vestra
550 2397 621 2449 tulit.

100 2464 173 2525 Quid
184 2467 292 2516 saevior
301 2473 344 2516 est
352 2467 475 2518 Fortuna
485 2465 552 2518 tibii

97 2534 143 2584 Tu
154 2531 219 2584 mihi
231 2535 347 2600 primum

98 2602 158 2653 Tot
165 2609 293 2654 natorum
303 2605 480 2656 memoranda
489 2619 597 2671 parens,

97 2670 173 2721 Nata
184 2672 333 2740 Agrippae,
344 2689 427 2725 nurus
437 2675 561 2741 Augusti,

98 2740 226 2792 Caesaris
236 2755 319 2806 uxor,
331 2744 407 2795 cuius
417 2757 515 2794 nemen
