2262 3082
195 215 419 268 durcones
450 215 622 268 FURENS.
657 216 811 267 nonin.
865 215 899 267 23

101 319 207 370 lllustre
220 319 300 370 laetis
311 319 413 370 exseris
424 319 503 370 terris
515 324 610 382 eaput,

99 387 158 447 Da,
170 385 294 448 Phoebe,
307 389 425 448 reniam,
444 388 467 436 si
478 385 542 452 quid
552 386 675 436 illicitum
686 387 724 436 tui
849 385 899 436 595

100 455 202 507 Videre
212 456 314 505 vultus:
330 457 418 506 iussus
428 457 455 504 in
468 455 555 506 lucem
568 454 652 504 extuli

101 525 207 574 Arcana
218 524 316 574 mundi.
336 525 446 589 Tuque,
458 523 607 574 coelestdm
618 521 721 574 arbiter

102 592 271 658 Parensque,
282 593 354 642 visus
365 591 475 641 fulmine
488 592 614 658 opposito
625 597 702 656 tege3

102 661 137 710 Et
148 666 190 721 tu,
203 660 322 709 seeundo
334 662 419 710 maria
430 661 473 725 qui
485 666 595 725 sceptro
606 660 691 724 regis,

102 729 173 778 linas
183 733 246 792 pete
257 727 355 778 undasl
368 729 494 794 Quisquis
506 742 540 778 ex
551 727 606 778 alto
618 727 734 792 adspicit
851 727 902 778 600

102 797 237 855 Terrena,
248 796 318 844 faeie
330 796 414 860 pollui
424 803 548 846 metuens
561 801 644 856 nova,

102 865 194 914 Aeiem
206 863 345 922 reflectat,
367 879 468 929 oraque
478 865 505 912 in
518 865 623 914 coelum
635 864 737 929 erigat,

103 931 236 982 Portenta
248 931 361 997 fugiens.
381 933 443 980 Hoo
453 931 529 982 nefas
541 937 654 981 cernant
664 931 733 992 duo,

102 1001 154 1062 Qui
166 999 274 1050 advexit
286 1005 314 1048 et
324 1015 393 1065 quae
403 1001 489 1049 iussit.
509 1001 538 1050 ln
550 1013 651 1064 poenas
662 1014 737 1050 meas

103 1071 189 1135 Atque
201 1069 227 1116 in
238 1068 345 1118 labores
356 1083 409 1117 non
420 1069 487 1117 satis
498 1073 588 1118 terrae
598 1073 705 1132 patent:
835 1115 838 1124 ,
852 1068 902 1118 605

102 1137 211 1187 lunonis
225 1135 287 1186 odio
299 1137 352 1186 ridi
363 1137 504 1186 inaccessa
515 1137 652 1196 omnihus,

103 1205 201 1270 lgnota
211 1203 337 1265 Phoebo,
350 1219 472 1270 quaeque
484 1204 603 1254 deterior
614 1203 706 1274 polus,

102 1273 227 1324 Obscura
236 1273 294 1322 diro
306 1275 395 1338 spatia
406 1273 541 1322 concessit
553 1273 622 1335 lovi3

101 1342 151 1402 Et,
162 1342 185 1390 si
195 1340 334 1405 placerent
344 1343 441 1391 tertiae
452 1342 534 1390 sortis
545 1341 620 1400 loca,

102 1410 226 1475 Regnare
238 1411 322 1474 potui.
344 1408 439 1460 Noctis
448 1413 578 1460 aeternae
589 1407 673 1459 chaos
852 1409 902 1458 610

104 1479 138 1528 lit
148 1483 228 1526 noete
240 1477 365 1543 quiddam
377 1478 499 1542 gravius,
511 1483 539 1526 et
549 1478 641 1528 tristes
652 1476 718 1528 deos

102 1549 138 1596 Et
149 1543 219 1606 fata,
231 1547 296 1608 vlei3
309 1552 397 1594 morte
409 1549 547 1595 contemta
556 1545 624 1595 redi.

104 1614 174 1674 Quid
188 1619 273 1663 restat
283 1611 371 1662 alludi
383 1613 444 1664 Vidi
457 1621 485 1663 et
495 1614 601 1664 ostendi
611 1612 725 1664 lnferos.

102 1683 159 1743 Da,
169 1683 190 1732 si
203 1681 266 1746 quid
278 1682 349 1742 ultra
360 1688 409 1731 est.
429 1682 499 1730 'l'am
511 1681 556 1730 diu
568 1684 670 1746 pateris
681 1697 777 1732 manus

103 1751 215 1799 Cessare
226 1757 342 1808 nostras,
355 1747 437 1798 lunol
457 1750 533 1808 Quae
545 1751 616 1799 vinci
625 1747 719 1798 iubes?
850 1751 900 1801 615

137 1816 193 1866 Sed
203 1817 304 1880 templa
314 1830 396 1880 quare
408 1816 483 1865 miles
493 1815 607 1865 infestus
618 1821 706 1876 tenet,

102 1885 252 1951 Limenque
263 1897 370 1933 sacrum
380 1887 470 1933 terror
482 1897 619 1933 armorum
631 1883 753 1935 obsidet‘l

101 2035 304 2092 MEGARA,
319 2035 635 2095 nummulos,
650 2038 898 2096 HERGULES,

390 2135 610 2181 THESEUS·
675 2143 683 2162 '

156 2232 273 2276 Herodem
285 2235 388 2275 reducem
406 2239 517 2287 patum
535 2233 698 2290 Amphitryon.
729 2235 773 2278 1112·
784 2239 901 2292 quaeram·

101 2295 195 2338 narrat,
205 2302 248 2344 quo
259 2289 284 2330 io
294 2291 342 2330 loco
354 2302 388 2330 m
397 2290 450 2331 siut.
470 2289 530 2332 oum
539 2289 644 2332 Heraclea
651 2289 810 2344 proficiscitur
820 2296 852 2334 ad
860 2305 898 2334 oe-

101 2345 218 2388 cirenem
235 2343 335 2400 Lycum,
359 2342 453 2386 Theseus
462 2351 559 2398 rogatur
569 2347 599 2387 ab
609 2344 776 2402 Amphitryone
795 2347 897 2402 exponit,

100 2413 155 2456 qnae
164 2401 227 2454 opud
235 2397 327 2454 Inferet
337 2399 431 2452 gesserit
440 2397 552 2442 Hecura.

102 2503 202 2540 nuru.
221 2485 351 2539 Utrumne
362 2490 434 2538 visus
445 2495 510 2540 vota
521 2489 658 2556 decipiunt
668 2505 758 2554 meos,

100 2559 141 2608 An
150 2556 194 2608 ille
206 2558 324 2608 domitor
334 2557 405 2607 orbis
416 2563 445 2608 et
456 2557 568 2608 Graidm
579 2559 662 2610 decus

102 2626 187 2676 'Pristi
199 2626 320 2677 silentem
331 2625 422 2676 nubilo
433 2625 510 2692 liquit
521 2625 646 2678 domum?
847 2631 898 2682 620

102 2694 187 2746 Estne
197 2693 242 2745 ille
253 2691 348 2746 natust
360 2694 485 2746 Membra
493 2694 599 2748 laetitia
609 2702 727 2762 stupent.
