2274 3086
210 185 261 238 zac
389 181 423 232 u.
459 180 613 232 rumim
632 179 830 244 sumcere·

269 285 350 336 Adire
362 289 450 346 certe,
462 284 603 348 coniugem
612 287 734 332 extremo
747 281 856 347 adloqui

210 355 261 404 420
273 353 403 404 Sermone
415 353 511 417 potuit.
546 351 609 400 Hoc
620 365 727 416 quoque
739 351 865 400 extimuit
873 348 962 402 ferox.

272 422 380 472 Laxare
391 427 465 471 certe
477 426 584 484 tempus
594 419 703 467 immitia
714 417 796 482 fugae

275 490 382 540 Genero
393 487 501 539 licebat.
536 485 643 535 Liberis
655 501 723 536 unus
735 486 792 536 dies

274 557 362 608 Datus
373 562 415 607 est
426 556 540 606 duobus.
551 581 583 592 -—
594 552 655 604 Non
667 568 766 619 queror
776 559 884 618 tempus
894 555 992 606 breve:

274 625 389 676 Multum
401 623 513 688 patebit.
548 623 644 672 Faciet
655 620 712 681 hic,
723 621 821 682 faciet,
833 621 899 683 dies,

216 694 265 746 425
277 693 357 755 Quod
367 693 454 742 nullus
464 705 583 756 unquam
593 688 698 739 taceatl
719 689 848 739 invadam
859 689 934 752 deoc,

275 763 311 813 Et
322 766 420 811 cuncta
432 757 564 826 quatiaml
584 771 686 808 rura.
697 757 798 822 Recipe
808 757 947 808 turbatum
956 773 1015 809 ma·

764 825 805 886 lu,

276 894 599 962 llera‚pectuulanimum
605 893 798 961 mitigatura.
811 891 1015 962 Solaeatquiea,

274 965 384 1016 Mecum
393 967 472 1016 ruina
482 969 581 1015 cuncta
590 965 613 1012 ci
623 963 702 1012 video
714 962 820 1012 obruta.

275 1034 384 1084 Mecum
397 1034 487 1082 omnia
498 1031 609 1083 abeant!
623 1029 744 1092 trahere,
757 1043 817 1080 cum
824 1045 930 1095 pereas,
940 1031 1015 1080 libet

215 1102 271 1164 430
281 1116 299 1150 rr
308 1115 383 1150 ura.
396 1102 484 1161 Quam
492 1101 578 1150 multa
589 1099 774 1180 ainttirpenda,
785 1100 807 1150 si
819 1105 934 1164 perstas,
944 1098 1005 1150 ride

276 1169 362 1222 Nemo
373 1174 498 1236 potenter
509 1167 620 1235 adgredi
632 1173 706 1218 tutus
718 1173 817 1233 potest.

452 1320 601 1377 rasore,
621 1317 789 1364 menae.
849 1295 853 1302 ’

273 1435 389 1484 Inonem,
400 1432 520 1490 gravatim
528 1431 636 1476 Medeam
643 1435 787 1482 deserentem,
798 1435 1015 1488 sequemmmrtem,

218 1491 354 1548 aggreditur
362 1490 447 1534 Medea
456 1487 596 1544 opprobriis,
604 1488 719 1542 praeitur,
728 1487 838 1530 simulata
847 1485 1015 1528 conciliatione.

280 1595 343 1632 ras.
355 1582 378 1631 Ο
391 1580 459 1630 dura
470 1578 529 1629 fatu
538 1592 658 1644 semper,
670 1583 698 1628 et
707 1583 808 1629 sortem
820 1591 953 1644 asperam,

280 1653 346 1701 Cum
354 1649 453 1710 saevit,
465 1652 565 1698 etcum
576 1648 677 1712 parcit,
689 1661 723 1698 ex
735 1661 821 1713 aequo
832 1645 905 1697 mula

278 1717 406 1770 Remedia
416 1717 522 1784 quoties
532 1716 634 1766 invenit
643 1715 721 1764 iobis
731 1715 798 1766 deua
896 1749 909 1758 ,

217 1788 269 1838 435
281 1787 412 1838 Periculis
423 1783 529 1852 peio'rai
552 1783 581 1834 Si
590 1784 685 1835 vellem
697 1783 776 1835 fidem

278 1857 422 1907 Praestare
433 1855 535 1905 mor-itis
546 1853 680 1919 coniugis:
691 1853 747 1903 leto
758 1851 810 1902 fuit

279 1926 366 1990 Caput
377 1922 567 1984 obserendum
577 1924 601 1972 si
611 1922 680 1971 mori
690 1921 783 1970 nolim:
795 1920 848 1970 lide
932 1924 936 1930 “

279 1993 382 2043 Misero
393 1989 539 2040 carendum
550 1995 600 2040 est.
637 1989 697 2040 Non
708 1991 791 2038 timor
801 1989 868 2039 vicit
877 1988 973 2050 virum,

281 2059 335 2111 Sed
347 2058 453 2124 trepida
463 2059 563 2124 pietus:
575 2059 673 2124 quippe
683 2063 843 2124 sequeretur
853 2071 948 2108 necem

219 2131 272 2180 440
284 2127 378 2180 Proles
389 2133 539 2194 parentum.
576 2127 599 2176 0
611 2134 719 2188 sancta,
730 2128 755 2176 ai
766 2126 871 2178 eoelmn
880 2124 985 2187 incolis,

281 2197 399 2256 lustitia,
410 2210 506 2246 numen
518 2196 615 2246 invoco
627 2209 660 2244 ac
670 2201 758 2246 testor
767 2201 853 2257 tuum,

281 2265 362 2314 Gnati
374 2267 479 2328 patrem
490 2265 588 2313 vicere.
624 2265 694 2325 Quin
703 2266 790 2330 ipsam
801 2277 916 2330 quoque,

279 2334 339 2383 Etsi
350 2331 428 2382 ferox
438 2337 481 2381 eet
491 2331 573 2381 corde
583 2346 633 2382 nee
643 2335 749 2397 patiens
760 2333 825 2398 iugi,

281 2400 427 2452 consulere
438 2402 508 2450 natis
520 2398 600 2451 malle
610 2416 690 2467 quam
701 2400 826 2452 thalamis
836 2413 909 2450 reor.

222 2471 273 2522 445
286 2470 431 2520 Constituit
441 2469 546 2518 animus
557 2469 683 2534 precibus
692 2472 790 2520 iratam
801 2467 921 2536 adgredi.
973 2499 975 2502 -

284 2539 367 2604 Atque
378 2535 455 2588 eccel
466 2537 523 2587 viso
534 2542 634 2587 memet
644 2538 750 2600 exiluit,
760 2537 839 2588 furit:

280 2606 347 2657 Fert
356 2605 420 2656 odia
431 2619 495 2670 prae
506 2620 549 2666 se,
561 2611 635 2654 totus
645 2607 673 2656 iu
683 2605 758 2656 vultu
770 2611 814 2657 eat
824 2604 911 2656 dolor.

281 2687 350 2724 raro.
359 2674 497 2742 Fugimuc,
503 2673 592 2736 lason,
599 2671 724 2739 fugimus.
736 2675 1017 2736 llocnonertuovum,
