2280 3088
243 239 292 290 rao
408 229 466 284 1
483 223 637 278 suurn}
659 219 857 294 ,sources

302 339 338 389 Et
349 340 443 386 noctes
453 329 580 381 brevibus
592 324 754 392 praecipitat
765 321 833 370 rotis

304 405 510 471 (Languescunt
520 397 586 446 folio
597 395 653 444 lilia
664 391 773 458 pallido,

303 477 341 526 Et
351 479 446 542 gratae
457 468 539 532 capiti
550 463 679 514 deliciunt
690 462 791 521 rosae),

245 549 295 598 tto
306 546 343 596 ut
353 543 457 608 fulgor,
467 535 567 587 teneris
580 533 623 598 qui
635 531 724 578 radiat
734 527 818 594 genis,

305 615 446 664 Momento
457 605 576 670 rapitur,
589 599 712 664 nullaque
724 611 778 645 non
790 595 846 643 dics

305 678 432 732 Formosi
443 675 558 740 spolium
570 669 693 734 eorporis
705 663 824 714 abstulit.
850 669 853 678 '
949 666 951 672 '

305 751 359 801 Res
371 753 413 798 est
424 745 513 795 forma
525 741 623 805 fugax:
635 737 693 802 quis
704 733 811 799 sapiens
821 731 895 780 bono

307 816 433 870 Confidat
443 807 548 878 fragilil
569 807 642 856 Dum
652 805 732 863 lieet,
743 808 829 850 utere.

247 889 297 938 *1⁹25
308 889 429 950 Tempus
441 888 468 932 te
480 879 593 929 tacitum
605 873 731 932 subruet,
742 869 863 934 horaque

308 955 420 1018 Senrper
431 947 579 1016 praeterita
591 943 710 992 deterior
721 939 801 990 subit.

309 1024 381 1084 Quid
393 1021 501 1069 deserta
512 1011 599 1080 petisl
620 1011 719 1060 Tutior
731 1008 797 1058 aviis

308 1091 370 1142 Non
382 1095 423 1139 est
434 1087 523 1136 forma
533 1083 608 1131 loeis.
644 1079 685 1128 'l'e
697 1089 807 1126 nemore
819 1071 921 1128 abdito.

310 1163 376 1210 Cum
388 1157 471 1206 Titan
483 1152 600 1202 medium
611 1147 753 1198 constituit
763 1143 843 1202 diens,

250 1233 301 1281 180
313 1231 408 1293 Cinget
419 1223 499 1274 turba
509 1221 606 1278 licens,
618 1215 721 1266 Naides
729 1211 881 1278 improbae,

310 1299 457 1349 Formosos
468 1290 564 1341 solitae
576 1285 701 1337 claudere
712 1281 847 1342 fontibus;

311 1369 348 1417 Et
359 1362 459 1415 somnis
470 1359 572 1408 facient
582 1354 694 1404 insidias
705 1353 759 1402 tuis

310 1434 445 1484 Lascivae
456 1440 595 1478 nemorum
607 1424 684 1482 deae,

311 1500 514 1566 Montivagique
525 1496 627 1556 Panes;

252 1573 304 1624 785
315 1575 380 1631 hut,
391 1576 419 1618 tc
430 1565 560 1618 stellifero
573 1560 722 1627 despiciens
733 1557 808 1622 polo,

314 1640 394 1692 Sidus
406 1641 467 1704 post
477 1640 584 1684 veteres
594 1628 713 1679 Arcadas
724 1626 826 1678 editum

313 1713 414 1761 Currus
426 1720 478 1755 non
490 1703 591 1768 poterit
602 1699 715 1748 flectere
725 1691 855 1744 candidos
951 1727 954 1732 .

218 1827 222 1834 ,
312 1781 350 1830 Et
360 1790 446 1842 nuper
456 1773 560 1832 rubuit,
572 1768 698 1832 nullaque
708 1763 805 1814 lucidis

314 1847 406 1898 Nubes
418 1841 552 1894 sordidior
563 1837 681 1887 vultibus
692 1832 812 1892 obstitit3

254 1917 305 1970 790
316 1919 349 1966 At
359 1930 409 1963 nos
421 1911 529 1962 solliciti
542 1908 643 1956 lunriue
654 1901 774 1960 turbido,

315 1987 446 2034 'fractam
457 1976 623 2027 Thessalicis
634 1970 796 2022 carminibus
807 1967 869 2028 rati,

315 2052 442 2102 'l'innitus
454 2045 590 2096 dedimus:
600 2048 631 2091 tu
642 2041 732 2090 fueras
743 2036 830 2096 labor,

315 2123 352 2172 Et
362 2127 393 2170 tu
404 2130 487 2168 causa
497 2127 602 2174 morae3
614 2116 642 2160 te
653 2109 705 2159 dea
716 2107 836 2157 noctium

314 2191 387 2240 Dum
398 2169 513 2252 specf'at‚
526 2181 628 2232 celeres
640 2177 766 2228 sustinuit
776 2175 841 2224 vias.

255 2260 307 2313 795
318 2259 426 2311 Vexent
435 2252 505 2302 hanc
517 2250 613 2300 faeiem
625 2247 728 2313 frigora
739 2243 857 2310 parcius,

317 2328 395 2377 Haec
405 2323 489 2374 solem
500 2319 584 2370 facies
596 2319 683 2367 rarius
695 2313 818 2379 adpetat:

316 2395 434 2447 Lucebit
445 2391 525 2441 Pario
536 2399 672 2438 marmore
682 2383 791 2432 clarius.

319 2467 406 2526 Quam
418 2466 498 2528 grata
508 2464 550 2508 est
560 2457 645 2506 facies
655 2459 735 2502 torva
744 2448 867 2506 viriliter,

318 2536 353 2584 Et
365 2532 468 2600 pondus
478 2527 578 2578 veteris
591 2525 668 2574 triste
679 2517 807 2586 supercili

257 2607 308 2656 800
320 2601 432 2656 Phoebo
445 2597 514 2650 eolla
525 2596 589 2646 licet
599 2589 740 2657 splendida
751 2599 902 2651 compares.

319 2673 396 2724 illum
408 2667 556 2724 caesaries,
568 2662 661 2712 nescia
670 2657 769 2723 colligi,
959 2662 961 2666 ·

319 2738 488 2794 Perfundens
499 2733 641 2793 humeros,
653 2731 733 2779 ornat
742 2731 770 2776 ct
779 2723 889 2788 integit3
