2280 3088
265 193 544 248 PHOENISSAE.
573 197 662 249 ACT.
681 197 728 250 lV.
849 201 900 250 lul

102 303 193 364 Quam
203 299 275 368 quod
285 300 368 350 miser
377 299 469 350 videre
478 315 532 349 non
543 299 632 366 potuit
643 300 733 366 pater!

102 370 184 420 Licet
195 369 292 418 timore
304 367 431 418 facinoris
442 369 511 418 tanti
521 381 624 428 vacem,

54 479 64 498 .
101 437 272 502 videamque
282 436 335 486 iam
346 435 461 498 mitrale,
473 450 532 486 sum
542 434 636 486 infelix
648 440 747 496 tamen,

103 503 354 570 Quodpaenevidi.
390 503 444 554 Per
454 503 547 554 decem
558 519 680 554 mensum
691 518 787 571 graves
853 503 903 556 535

103 574 181 625 [lteri
188 571 311 632 labores,
323 585 424 638 perque
435 574 565 638 pietatem
574 571 684 623 inclitae

101 641 207 694 Precor
217 640 333 701 sororis,
345 645 374 690 et
384 641 506 705 perirati
516 641 567 690 sibi

103 709 197 762 Genea
206 709 341 775 parentis,
352 708 456 759 soelere
467 723 534 774 quas
546 705 619 758 nullo
629 721 740 769 nocens,

100 777 212 830 Erroris
222 792 239 826 a
249 791 278 828 se
290 775 350 825 dira
359 775 494 840 supplicia
504 777 624 842 exigens,

101 843 358 897 Hausitrnelandas
369 843 510 894 moenibus
521 843 616 908 patriis
627 841 702 894 faces
854 845 904 894 sto

101 915 215 975 Averte;
227 913 304 979 signa
313 911 402 962 bellici
414 915 488 962 retro
500 912 613 978 agminis

101 979 208 1033 Flecte!
229 986 260 1030 ut
270 979 397 1041 recedas,
408 994 508 1046 magna
518 995 581 1046 pars
592 979 704 1031 sceleris
714 985 805 1032 tamen

102 1048 196 1101 Vestri
207 1055 320 1116 peracta
331 1053 385 1099 est:
396 1049 463 1098 vidit
473 1046 565 1099 hostili
574 1063 658 1116 grege

102 1119 221 1184 Gsmpm
232 1117 330 1182 repleri
341 1117 443 1182 patria3
454 1115 589 1183 fulgentes
600 1117 695 1182 procul

102 1185 410 1238 Armiscatervansidit.
447 1185 639 1252 Equitatulevi
851 1184 902 1234 545

103 1254 223 1306 Cadmea
232 1252 319 1320 frangi
331 1259 423 1318 prata,
435 1258 463 1302 et
473 1254 596 1304 excelsos
606 1253 674 1304 rotis

101 1322 381 1388 Volitareproce1es3
392 1323 454 1390 igne
465 1319 613 1389 flagrantes
624 1321 719 1372 trabes

102 1391 235 1452 Fumone,
247 1391 329 1440 cineri
340 1405 410 1456 quae
420 1395 517 1455 petunt
527 1396 635 1440 nostras
647 1389 756 1452 ‹lomos3

100 1459 268 1525 Fratresque
278 1456 395 1520 (facinus
407 1457 478 1524 quod
489 1472 588 1508 novum
601 1463 630 1507 et
641 1455 743 1510 Thebis
753 1455 817 1522 luit)

101 1528 135 1579 ln
145 1542 174 1578 se
185 1531 422 1578 ruentes-totus
433 1523 485 1576 hoe
497 1527 641 1588 exereitus,
854 1524 905 1575 550

101 1595 167 1648 Hoc
176 1597 302 1662 utrinque
309 1593 429 1676 populus
442 1597 542 1656 omnis,
554 1593 607 1645 hoe
619 1593 687 1644 vidit
697 1607 784 1656 soror,

104 1664 283 1730 Genitrixque
293 1663 358 1713 vidis
369 1677 431 1712 nam
443 1667 522 1728 pater
532 1662 614 1712 (lebet
625 1661 684 1722 sibi,

102 1731 185 1794 Quod
194 1733 248 1784 iata
258 1745 310 1782 non
321 1733 463 1798 spectavit.
500 1729 635 1780 Occurrat
646 1729 695 1778 tibi

100 1800 183 1852 Nuuo
195 1799 328 1866 Oedipus.
340 1813 393 1867 quo
404 1798 494 1848 iudice
506 1799 606 1848 erroris
617 1810 724 1864 quoque

101 1869 215 1921 Poenae
225 1874 362 1934 petuntur.
397 1867 454 1929 Ne,
465 1880 577 1934 precor,
589 1864 663 1916 ferro
675 1879 740 1916 erue
853 1865 903 1917 555

101 1937 225 1990 Patriam
237 1951 269 1988 ac
282 1941 409 2003 penates;
420 1951 497 1998 neve,
509 1949 575 2002 quas
585 1949 681 2002 regere
693 1935 808 2000 expetis,

102 2003 205 2056 Everte
216 2004 339 2056 Thebasl
356 2006 422 2066 Quis
434 2009 510 2056 tenet
520 2009 639 2056 mentem
649 2001 743 2055 furori

101 2071 223 2125 Patriam
235 2073 353 2142 petendo
364 2071 472 2139 perdlsi
487 2073 644 2135 miletius,

101 2142 152 2194 Vis
163 2157 222 2196 esse
233 2125 350 2194 nullam?
365 2143 436 2204 Quin
446 2146 510 2192 tuae
521 2136 620 2192 causae
631 2147 713 2192 nocet

101 2210 194 2276 Ipsum
206 2209 273 2272 hoe,
284 2210 356 2278 quoti
368 2210 453 2262 armis
464 2211 520 2260 uris
529 2209 636 2262 infestis
647 2209 745 2272 solum,
851 2208 902 2261 560

74 2325 76 2330 ,
102 2276 271 2346 segetesque
283 2279 390 2330 adultas
400 2279 499 2330 sternis
505 2314 513 2340 ,
525 2284 553 2329 et
563 2283 638 2329 totos
648 2277 741 2346 fugam

100 2347 168 2398 lidie
181 2362 231 2413 per
242 2361 336 2415 agros:
348 2361 427 2400 nemo
438 2347 478 2398 sie
489 2352 580 2398 vastat
589 2361 646 2397 sua.

101 2415 180 2475 Quae
193 2417 293 2481 corripi
303 2417 380 2484 igne,
392 2431 460 2482 quae
471 2415 537 2466 meti
547 2415 637 2481 gladio
648 2414 734 2478 iubes,

99 2483 194 2533 Aliena
205 2483 310 2536 eredis!
325 2485 384 2535 Rex
394 2486 430 2535 sit
441 2483 543 2534 evolsis
554 2488 625 2543 uter,

99 2551 231 2604 Manente
241 2567 326 2620 regno
339 2554 470 2618 quaerite.
505 2549 585 2602 Haeo
594 2551 656 2601 telis
666 2555 744 2616 petes
850 2549 901 2601 565
989 2555 991 2562 ”

99 2617 283 2686 Flaminiaque
294 2619 385 2670 teetal
398 2621 503 2736 Rutenis
514 2615 564 2668 lma
574 2617 730 2682 Amphionis

101 2688 240 2750 quassare
251 2685 336 2738 moles
342 2722 350 2750 ,
361 2701 397 2736 nu
418 2701 513 2753 aquas
524 2685 623 2734 stmxit
634 2697 738 2746 manus,
