2280 3088
305 463 483 534 ncrlls
515 465 725 534 PRIMUS.

423 596 608 686 Harant.

177 733 250 788 Luget
260 732 351 777 Hecuba
357 733 453 790 patriae
466 765 472 784 ,
484 735 569 784 domat,
580 747 644 776 raam
653 733 722 790 parius
732 735 898 786 calamitatem.

117 822 724 975 ‘ir

117 993 294 1060 Animumque
304 995 385 1044 relus
397 995 534 1046 credlrlum
545 995 624 1044 laetis
635 993 722 1056 dedit,

116 1059 164 1111 Me
175 1061 266 1111 rideat
275 1071 303 1112 et
314 1069 355 1122 te,
367 1063 465 1112 Troiar
475 1077 529 1112 non
540 1077 657 1128 unquam
669 1063 731 1112 tulit

116 1128 289 1180 Documenta
299 1129 368 1180 Fora
379 1131 496 1191 maiora,
508 1145 588 1196 quam
599 1129 688 1197 fragili
699 1131 761 1182 loco
897 1135 910 1181 5

118 1195 228 1248 Starent
237 1197 355 1263 superbi.
371 1199 500 1248 Columen
510 1195 635 1248 eversum
647 1201 748 1250 oceidit

115 1265 247 1316 Pollentia
256 1267 336 1316 Asiae
346 1301 354 1327 ,
364 1267 492 1316 coelitum
504 1268 630 1336 egregius
640 1267 731 1330 labor;

116 1332 156 1382 Ad
169 1334 243 1383 ouius
255 1349 331 1384 arma
340 1335 413 1383 venit
421 1341 450 1384 et
461 1335 506 1400 qui
516 1333 643 1400 frigidum

117 1399 237 1466 Septena
248 1402 354 1451 'l'anain
365 1417 414 1451 ora
424 1403 586 1466 pandentem
597 1403 673 1464 bibit,

116 1469 154 1518 Et
166 1471 211 1535 qui
221 1476 344 1520 renatum
355 1471 456 1534 primun
466 1471 603 1535 excipiens
614 1471 684 1520 diem

117 1537 251 1602 'lepidum
263 1537 370 1588 rubenti
382 1539 475 1604 Tigrin
485 1539 620 1588 immincat
631 1538 712 1600 freto,

116 1605 154 1654 Et
166 1620 234 1671 quae
246 1621 330 1672 vagos
340 1607 430 1656 vicina
441 1607 609 1672 prospiciens
619 1606 739 1672 Scythen

115 1673 212 1738 Ripam
223 1675 339 1724 catervio
351 1673 493 1725 Ponticam
504 1675 590 1724 viduis
601 1674 673 1725 ierit.

116 1741 217 1791 Exciso
227 1739 300 1790 ferro
312 1748 354 1792 est
364 1742 540 1808 Pergamum
551 1743 673 1792 incubuit
683 1743 742 1793 sibl.

115 1810 171 1870 En,
183 1809 237 1858 alta
249 1811 318 1859 muri
329 1811 429 1861 deeora
441 1813 562 1878 nongenti
572 1813 663 1879 iacent

116 1877 337 1943 'l'ectisarlrrntin3
349 1881 451 1946 regiam
462 1879 586 1929 flammae
597 1879 727 1939 animant,

115 1945 263 2012 Onmiaque
273 1947 328 1997 late
338 1947 425 1998 fumat
435 1949 562 1998 Assaraci
572 1948 676 1997 domun.

115 2011 178 2063 Non
188 2013 315 2078 prohibet
325 2017 417 2066 aridas
429 2015 538 2068 flamma
547 2016 659 2066 victorie
671 2030 782 2065 aranon:

114 2080 248 2146 Diripitur
258 2084 355 2134 ardena
367 2085 460 2134 Troia.
472 2085 530 2134 Neo
540 2085 645 2134 eoelum
657 2089 733 2152 patet

114 2149 241 2201 Undante
252 2149 340 2202 iunio:
351 2153 422 2202 nube
433 2167 484 2202 oen
494 2153 579 2202 donea
591 2152 709 2213 obsitus,
754 2187 760 2202 .

112 2217 177 2270 nter
186 2215 280 2270 favilla
289 2221 394 2286 squalet
409 2221 491 2270 lilaea
503 2221 568 2270 dieu.

113 2284 175 2334 Stat
185 2287 277 2337 avidus
288 2289 345 2338 irae
355 2290 457 2350 viator,
466 2291 494 2339 et
504 2289 605 2339 lentum
616 2288 693 2338 llium

111 2353 226 2404 Metitur
237 2355 335 2416 oculis,
348 2371 380 2407 ac
392 2357 487 2408 decem
497 2357 606 2408 tandem
618 2356 692 2406 ierus

112 2421 234 2487 Ignoscit
243 2425 329 2474 annia.
339 2425 443 2476 Horret
452 2424 590 2476 adflictam
602 2437 723 2490 quoqoe3

111 2489 278 2556 victamqne
289 2494 412 2558 quamvis
423 2493 527 2553 rideat,
539 2491 612 2542 haud
623 2491 710 2542 eredit
721 2490 772 2540 albi
880 2523 893 2538 .

111 2557 325 2610 Potuisserlnci
337 2558 432 2625 Spolia
444 2560 589 2626 populator
599 2559 671 2624 rapit

111 2625 266 2688 Dardania:
281 2629 409 2692 praedam
420 2629 493 2682 atille
504 2628 677 2694 noncaplunt
685 2632 768 2677 ratos.

111 2695 213 2744 Tertor
225 2693 338 2748 deerant
347 2713 446 2748 numen
456 2697 600 2750 adversum
610 2692 685 2755 milri,
