2280 3088
244 229 530 284 lilPPOLYTUS'.
564 231 651 284 AGT.
669 233 690 284 1.
827 231 878 284 ttt

81 319 250 403 Venerisque
260 349 358 386 numen
371 333 448 384 linxit
458 342 539 451 ιτιῆυο
552 349 631 384 arcus
642 333 692 386 dei.

81 406 210 472 Quisquis
221 403 346 454 secundis
357 403 437 453 rebus
448 417 500 452 exn
512 407 553 452 tat
563 404 650 465 nimis,
825 403 876 454 20⁵

79 475 206 540 Fluitqne
216 472 294 533 luxu,
306 487 413 536 semper
422 471 532 521 insolita
543 470 655 538 adpetit.

81 544 158 592 Tune
169 541 216 591 illa
227 555 341 607 magnae
354 539 411 588 dira
421 538 548 589 fortunae
559 555 651 592 comeo

81 609 159 660 Subit
170 609 270 659 libido:
282 624 335 658 non
347 607 454 674 placent
465 613 558 658 suetae
570 607 662 673 dapes,

80 679 140 729 Non
152 684 229 728 tecta
239 678 297 727 sani
308 677 403 738 moris,
412 681 460 726 aut
470 676 528 725 vilis
541 676 623 726 cibus.

81 749 167 798 curin
179 751 292 811 penates
304 746 390 794 rarius
402 751 496 794 tenues
507 745 578 793 subit

80 816 159 866 Haeo
171 813 302 863 delicatas
314 813 415 862 olivens
427 813 510 878 pestis
523 811 634 866 domest

81 885 135 932 Gur
147 889 244 934 sancta
253 861 342 946 panida
373 881 458 930 abitat
468 882 495 930 in
507 881 587 930 tectis
598 879 700 941 Venus,

80 951 256 1016 Mediumque
269 964 349 999 sanos
361 949 455 1014 vulgus
467 948 590 999 adiectus
602 955 685 1010 tenet,

81 1022 116 1070 Et
127 1035 157 1069 se
171 1023 301 1068 coercent
310 1015 433 1068 modicai
450 1019 550 1067 Contra
560 1017 656 1068 divites

81 1090 230 1154 Regnoque
242 1085 301 1135 iulti
313 1085 403 1151 plura,
415 1099 493 1152 quam
505 1083 547 1136 fas
559 1093 613 1148 est,
625 1085 737 1152 petunti
828 1084 879 1136 215

16 1217 17 1220 Ἴ
82 1155 162 1217 Quod
174 1170 226 1204 non
239 1160 341 1219 potest,
353 1155 409 1207 vult
420 1169 515 1220 posse,
527 1156 570 1222 qui
583 1156 692 1204 nimium
703 1159 802 1222 potest.

82 1223 154 1284 Quid
167 1223 265 1272 deceat
275 1223 330 1271 alto
343 1223 492 1288 praeditam
503 1223 586 1284 solio,
596 1223 685 1274 rides:

81 1293 175 1342 itletue
187 1306 220 1340 ae
231 1305 325 1341 verere
336 1298 445 1357 sceptra
456 1294 599 1342 remeantis
611 1293 668 1341 viri.

82 1374 135 1410 ru.
154 1359 260 1410 Amoris
270 1361 297 1408 in
308 1374 350 1409 ine
361 1361 505 1410 maximum
517 1376 627 1427 regnum
640 1366 716 1426 puto,

81 1429 249 1496 Reditusque
262 1427 348 1477 nullos
360 1433 466 1479 metuo:
478 1445 530 1478 non
542 1444 660 1496 unquam
671 1428 784 1494 amplius
800 1442 802 1448 ·
830 1429 880 1478 22⁰

82 1499 212 1548 Conventa
223 1498 312 1562 tetigit
322 1511 433 1562 supera,
447 1499 491 1563 qui
502 1513 606 1547 mersus
617 1496 699 1547 semel

82 1567 155 1617 Adiit
165 1565 287 1614 silentem
299 1573 379 1614 noete
392 1572 522 1630 perpetua
533 1567 651 1616 domum.

83 1647 185 1684 nura.
204 1631 244 1682 Ne
257 1633 336 1684 crede
348 1633 412 1684 Diti.
449 1635 563 1686 Cluserit
574 1649 686 1700 regnum
696 1633 768 1694 licet,

82 1703 217 1767 Canisque
229 1700 300 1750 diras
311 1699 422 1767 Stygius
434 1701 560 1756 observet
570 1701 656 1752 iores:

81 1769 163 1820 Solus
174 1777 287 1834 negatas
297 1771 398 1819 inuenit
410 1769 532 1821 Theseus
543 1773 607 1820 vias.
829 1765 879 1815 225

82 1852 138 1888 ers.
152 1837 266 1888 Veniam
276 1837 319 1886 ille
331 1841 415 1888 amori
427 1839 540 1889 forsitan
553 1843 644 1888 nostro
656 1835 740 1886 dabit.

79 1921 96 1955 a·
107 1919 183 1956 una.
202 1905 313 1954 Immitis
326 1907 407 1956 etiam
420 1908 526 1974 coniugi
539 1913 630 1958 castae
641 1905 704 1955 init:

79 1976 204 2040 Expecta
215 1989 322 2024 saevom
334 1982 375 2028 est
386 1976 502 2026 barbara
513 1977 627 2042 Antiope
638 1989 753 2024 manum.

81 2043 137 2094 Sed
147 2057 228 2108 posse
240 2041 312 2091 ilecti
324 2045 465 2110 coniugem
476 2047 573 2096 iratum
585 2051 662 2111 puta:

80 2112 147 2171 Quis
158 2109 235 2160 huius
247 2113 363 2160 animum
377 2111 468 2163 flectet
478 2111 693 2164 intractabilem?
828 2110 879 2160 23⁰

79 2179 188 2229 Exosus
201 2193 278 2228 omne
291 2181 405 2228 leminae
418 2197 514 2232 nomen
527 2181 604 2250 fugit,

78 2248 193 2297 Immitis
205 2261 289 2296 annos
301 2249 398 2298 coelibi
408 2251 479 2300 vitae
491 2251 571 2313 dicat,

79 2315 222 2366 Connubia
233 2317 312 2365 vitat:
325 2333 409 2383 genus
420 2321 594 2370 Amazonium
606 2321 684 2370 scias.

78 2397 131 2434 eu.
144 2383 261 2433 Huncin
272 2386 358 2434 nivosi
370 2385 444 2436 collis
457 2386 611 2439 haerentem
621 2389 699 2454 iugis,

78 2453 115 2502 Et
128 2466 225 2515 aspera
238 2451 300 2518 agili
311 2468 377 2503 sexa
389 2456 538 2506 calcantem
549 2457 627 2522 pede,
827 2451 878 2504 235

79 2518 163 2586 Sequi
175 2535 223 2584 per
234 2521 289 2570 alta
299 2537 419 2584 nemora,
430 2539 480 2590 por
489 2531 609 2587 montes,
621 2523 722 2590 placetl

78 2601 180 2637 suun.
200 2589 318 2639 Resistet
328 2589 386 2652 ille,
398 2609 479 2658 seque
491 2593 660 2643 mulcendum
672 2592 756 2652 dabit,

78 2658 232 2722 Castosque
243 2657 311 2707 n'tus
323 2675 420 2710 venere
431 2677 484 2710 non
497 2668 573 2711 casta
584 2659 680 2710 exuett

78 2726 102 2774 Τ
104 2725 144 2774 ibi
154 2731 239 2788 ponet
250 2725 353 2786 odium,
366 2731 439 2778 ennius
452 2729 513 2777 odio
526 2729 637 2778 forsitan

142 2789 218 2841 Suu.
243 2794 351 2882 'lnam
669 2797 711 2862 ¹ll
