2274 3086
218 206 271 256 214
389 198 423 248 L.
460 193 615 247 ANNAEI
645 189 836 242 SENECAE
913 241 915 244 .

216 305 267 358 950
278 303 372 356 Cultus
382 300 499 350 decoros
509 298 602 363 regiae
613 295 696 344 vestis
707 294 784 358 petit,

277 374 313 423 Et
323 368 462 437 admoveri
473 366 590 416 crinibus
602 365 705 429 patitur
714 375 832 410 manum.

278 441 397 490 Mortem
409 435 524 502 putabat
532 433 611 493 iliud,
622 431 675 480 hoe
685 428 821 479 thalamos
832 433 919 493 putat.

279 511 314 559 At
324 509 424 557 misera
434 505 509 554 luctu
520 507 607 550 mater
617 499 710 548 audito
722 501 828 563 stupet3

280 573 436 626 Labefacto
445 587 521 622 urens
533 566 684 618 su'eeubuit.
720 563 855 630 Adsurge!
878 563 994 614 adleva,

221 646 271 697 955
282 647 419 703 Animum,
432 647 460 691 et
471 637 626 696 cadentem,
637 637 749 695 misera,
762 635 840 682 firma
850 629 988 698 spiritum!

283 716 371 774 Quam
382 709 471 760 tenuis
483 707 572 756 anima
582 703 688 754 viuculo
699 702 800 768 pendet
810 699 874 750 levi!

281 769 1028 841 Minimumest,quodHecubamfaeeretelieempotest

284 848 388 915 Spirat:
401 845 505 896 revixit.
542 842 634 892 Prima
644 856 718 890 mors
728 841 843 888 miseros
853 836 932 903 fugit.

284 930 327 968 uu
336 931 360 965 c.
371 913 464 969 Adhuc
476 909 591 960 Achilles
602 911 667 958 vivit
677 910 703 958 io
715 921 817 972 poenas
829 901 981 970 Phrygum!

224 987 274 1038 959
284 983 379 1036 Adhuc
390 977 516 1032 rebellati
539 979 561 1028 0
574 993 683 1027 manum
695 975 799 1025 Paridis
809 971 908 1023 levem!

285 1054 357 1104 Ciuis
368 1053 425 1116 ipse
436 1053 559 1098 nostrum
571 1047 728 1112 sanguinem
739 1059 771 1092 uc
783 1041 902 1091 tumulus
912 1040 978 1090 sitit.

284 1120 370 1172 Modo
381 1117 462 1168 turba
473 1115 538 1165 felix
549 1115 636 1164 latera
647 1111 772 1178 cingebat
783 1125 858 1173 mea3

287 1187 427 1240 Lassabar
436 1186 462 1234 in
474 1190 517 1233 tot
527 1183 635 1242 oscula,
645 1183 672 1230 in
684 1186 771 1230 totum
782 1192 893 1244 gregem

286 1256 416 1308 Dividere
428 1259 551 1302 matrem.
588 1249 654 1300 Sola
664 1264 734 1298 nune
744 1245 813 1296 haec
824 1251 866 1295 est
876 1257 967 1310 super,

160 1321 169 1338 ⁵
226 1327 276 1380 955
286 1325 404 1384 Votum,
417 1335 521 1390 eomes,
533 1320 669 1378 levamen,
682 1315 807 1366 adflictae
819 1314 903 1380 quies.

286 1395 365 1445 Haec
376 1397 451 1442 totus
462 1388 594 1438 Hecubae
605 1387 710 1446 ioetus3
722 1383 773 1432 hae
785 1383 844 1433 sola
853 1393 938 1432 vocor

286 1465 343 1513 lam
354 1475 423 1510 voce
434 1463 530 1507 mater.
567 1455 644 1504 Dura
656 1460 683 1504 et
692 1452 799 1512 infelix,
811 1465 871 1517 age,

287 1531 405 1581 Elabere
417 1525 517 1576 anima!
540 1523 654 1588 denique
666 1520 719 1570 hoe
730 1536 812 1570 unum
825 1517 888 1568 mihi

287 1599 405 1649 Remitte
415 1591 508 1643 funus!
530 1591 633 1657 lnrigat
643 1589 722 1640 fletus
732 1604 825 1656 genas,

229 1669 279 1720 911)
291 1667 435 1731 Imberque
446 1662 519 1710 victo
531 1659 635 1708 subitus
647 1673 662 1708 e
674 1658 748 1707 vultu
760 1657 841 1706 cadit.

289 1737 423 1794 Laetare,
435 1728 538 1798 gaude,
549 1726 645 1793 gnata!
667 1727 755 1786 Quam
766 1726 847 1775 vellet
856 1728 918 1774 t'uos

291 1801 447 1855 Cassandra
456 1796 604 1857 thalamos,
626 1795 708 1844 vellet
718 1791 906 1844 Andromache
918 1788 993 1840 tuosi

291 1885 394 1922 runa.
406 1868 477 1928 Nos,
489 1865 618 1926 Hecuba3
635 1879 698 1924 nos,
714 1878 778 1923 nos,
795 1861 924 1922 Hecuba,
939 1859 1036 1926 lugen-

277 1971 280 1976 ·
661 1933 826 1992 daesumus‚

294 2008 369 2068 Quas
378 2009 454 2054 mota
465 2003 559 2054 elassis
570 2001 624 2052 hue
635 2007 663 2051 et
673 1999 725 2050 huo
736 2014 845 2064 sparsas
855 1997 939 2057 feret3

233 2075 284 2127 ⁹¹15
295 2075 375 2125 Hane
387 2088 451 2123 cara
461 2072 539 2122 tellus
551 2071 660 2121 sedibus
672 2069 764 2134 patriis
776 2071 860 2133 teget.

294 2156 371 2192 uer.
383 2143 472 2208 Magis
482 2139 628 2199 invidebis,
639 2139 661 2188 si
671 2153 747 2187 suam
760 2142 862 2186 sortem
873 2133 953 2184 scias.

294 2195 1038 2274 sunrarinaliquapoenaeparsmeaeignotaestmihi!

295 2293 373 2330 trau.
383 2277 502 2329 Versata
512 2277 635 2325 dominos
646 2289 714 2323 urna
726 2273 839 2338 captivis
851 2271 934 2321 dedit.

296 2361 398 2398 suna.
419 2347 469 2396 Cui
479 2343 581 2394 famula
591 2341 702 2393 tradori
722 2339 785 2392 edel
808 2355 888 2443 quem
900 2337 1039 2388 dominum

742 2424 826 2460 voco.

236 2485 287 2536 980
298 2496 376 2535 unu.
388 2483 430 2532 Te
441 2487 515 2532 sorte
527 2481 615 2546 prima
626 2477 738 2544 Scyrius
749 2478 853 2528 iuvenis
863 2475 933 2525 tulit.

296 2566 362 2602 auo
371 2565 397 2600 a.
410 2549 562 2600 Cassandra
572 2547 649 2608 felix,
662 2563 741 2613 quam
753 2546 831 2596 furor
840 2545 908 2594 sorti
919 2542 1026 2603 eximit,

297 2616 491 2686 Phoebusque!
513 2630 590 2666 naa.
605 2615 711 2682 Regum
720 2613 790 2664 hanc
804 2614 937 2664 nraxirnru
947 2615 1046 2662 rector

749 2688 833 2737 tenet.
