2134 3088
226 213 276 264 3⁰2
390 211 423 262 L.
444 211 601 262 ANNAEl
623 210 815 262 SENECAE

288 314 403 364 Arcadia
414 329 508 379 nempe
519 316 608 380 virgo,
621 313 757 363 Palladios
770 311 872 362 cheros

284 383 356 432 Dum
369 385 466 442 nectit,
480 383 568 448 Auge,
580 385 632 430 vim
644 383 730 446 stupri
742 396 823 446 passa
834 381 955 444 excidit,

284 451 444 517 Nullamque
457 453 556 500 unieris
567 452 670 501 retinet
678 449 810 511 llerculei,
818 455 926 499 notam.

224 519 275 570 arn
287 519 413 570 Referam
425 520 486 585 quid
498 517 582 568 aliast
603 518 706 582 Nempe
718 516 891 583 'l‘hespiades
903 525 1020 582 vacant,

284 589 419 654 Brevique
430 589 456 636 in
467 587 527 636 illas
538 588 605 636 arsit
615 587 720 636 Alcides
732 585 801 635 face.

286 658 393 722 Hospes
405 656 503 705 Timoli
515 655 632 720 Lydiam
642 653 711 704 fovit
721 669 826 716 nurum,

286 727 322 775 Et
333 740 425 775 ansere
437 729 534 788 captus
546 724 579 772 ad
592 723 665 774 leves
675 723 747 772 sedit
758 723 842 784 colos,

284 795 371 844 Udum
384 793 469 843 feroci
482 799 585 842 stamen
597 793 755 857 intorquens
767 805 857 840 mauu.

225 864 275 914 375
286 862 390 927 Nempe
401 861 449 910 illa
459 862 552 910 cervix
563 860 651 924 spolia
661 860 787 925 deposuit
799 858 885 922 ferae,

286 933 445 996 crinemque
456 931 537 978 mitra
548 930 659 994 pressit,
672 935 700 978 et
710 927 825 977 santulus
836 929 928 991 stetit,

285 1001 393 1050 Hirtam
406 997 513 1048 Sabaea
524 997 660 1046 marcidus
670 994 781 1060 myrrha
791 1011 909 1047 comam.

287 1068 391 1133 Ubique
403 1067 499 1127 caluit,
510 1065 557 1116 sed
569 1066 620 1114 leri
633 1065 715 1114 caluit
725 1063 799 1126 face3

288 1137 410 1184 Haerere
422 1142 544 1184 amantes
555 1140 618 1200 post
629 1148 713 1199 vagos
723 1135 798 1198 ignes
810 1133 910 1184 solent.

227 1205 277 1255 380
288 1203 462 1254 Famulamne
476 1209 503 1251 et
513 1201 599 1252 hostis
611 1201 748 1268 praeferet
758 1206 868 1267 gnatam
881 1203 954 1253 ubit

287 1287 306 1321 n
314 1285 404 1320 sris.
416 1271 452 1320 Ut
462 1271 518 1320 alta
529 1271 610 1320 silvas
621 1270 710 1320 ferma
720 1275 865 1320 vernantes
876 1268 979 1336 habet,

289 1343 363 1402 Quas
375 1354 486 1389 nentore
498 1340 569 1388 nudo
581 1341 683 1404 primus
694 1339 804 1388 investit
814 1345 910 1403 tepor;

288 1411 322 1459 nt
333 1425 393 1459 curn
405 1409 509 1458 solutos
521 1408 624 1474 expulit
635 1408 739 1457 Boreas
752 1405 848 1468 Notos,

289 1479 325 1528 ut
335 1493 417 1528 saera
427 1483 501 1526 totas
512 1477 609 1526 bruma
619 1463 740 1526 decussit
751 1490 852 1536 contus,

229 1547 280 1598 385
292 1547 422 1596 Deforme
434 1546 499 1594 selis
511 1546 627 1610 adspicis
638 1545 741 1594 truncis
752 1559 858 1594 nemus:

289 1614 334 1664 Sic
346 1619 439 1663 nostra
449 1614 558 1680 longum
570 1612 660 1664 forma
671 1627 831 1677 percurrens
842 1613 905 1675 iter,

287 1680 421 1750 Deperdii
432 1683 532 1749 aliquid
543 1697 663 1747 semper,
676 1687 704 1731 et
714 1681 800 1748 fulget
809 1681 906 1743 nrinus,

286 1751 345 1802 Nec
355 1752 401 1800 illa
412 1767 496 1801 venus
507 1759 556 1802 est.
594 1748 730 1816 Quidquid
741 1751 767 1799 in
779 1750 856 1799 nobis
866 1749 922 1801 fuit

288 1821 358 1871 Olim
370 1823 498 1886 petitum,
511 1819 610 1870 cecidit
621 1824 649 1868 et
659 1824 740 1884 partu
751 1819 837 1880 labat3

227 1891 277 1942 39⁰
288 1891 430 1955 Materque
441 1883 553 1938 multum
566 1889 657 1953 rapuit
667 1901 700 1938 ex
710 1887 756 1936 illo
767 1885 840 1948 mihi,

286 1960 368 2007 Aetas
381 1959 465 2008 citato
476 1960 567 2008 senior
579 1957 679 2021 eripuit
689 1957 783 2022 gradu.

286 2027 384 2088 Vides,
396 2031 426 2075 ut
438 2027 520 2076 altum
532 2025 634 2075 famula
645 2040 698 2074 non
711 2025 808 2090 perdat
818 2023 920 2075 decusl

289 2096 400 2145 Cessero
413 2095 500 2146 cultus
510 2097 632 2161 penitus,
644 2099 672 2144 et
682 2093 785 2158 paedor
795 2093 887 2154 sedet3

288 2165 391 2212 Tamen
404 2177 453 2228 per
462 2167 535 2229 ipses
547 2163 634 2230 fulget
645 2177 788 2212 aerumnas
800 2162 891 2222 decor,

227 2230 277 2282 395
289 2230 414 2296 Nihilque
426 2232 460 2280 ab
472 2233 519 2281 illa
530 2247 609 2281 casus
622 2237 650 2280 et
660 2229 746 2280 fatum
759 2245 842 2297 grave

288 2299 345 2350 Nisi
357 2314 441 2366 regna
451 2302 542 2348 traxit.
580 2301 633 2348 Hic
645 2315 733 2350 meum
746 2304 842 2364 pectus
853 2300 958 2365 timor,'

287 2367 386 2428 Altrix‚
397 2368 520 2432 lacessit3
531 2365 575 2416 hic
588 2370 659 2432 rapit
669 2383 779 2418 senmos
790 2382 883 2432 pavor.

284 2437 434 2486 Praeclara
444 2438 510 2487 tetis
522 2437 647 2503 gentibus
659 2437 758 2486 coniux
770 2451 859 2496 eram3

288 2504 488 2571 'i'halamosque
500 2514 610 2556 nostros
619 2506 711 2554 invido
723 2511 788 2554 voto
799 2519 882 2554 nurus

227 2574 279 2622 deo
290 2574 411 2636 Optabat
422 2575 520 2622 omnis:
533 2588 585 2638 quo
597 2574 674 2621 nimis
685 2574 805 2638 quisquis
816 2572 881 2624 deos

289 2641 393 2689 Orabat
402 2641 479 2690 ullos.
515 2640 633 2689 Nutibus
642 2639 774 2705 Argolicis
785 2639 823 2689 fui

288 2709 417 2757 Mensura
427 2710 492 2757 voti.
530 2707 617 2766 Quem
629 2705 687 2756 lovi
697 2722 823 2758 socerum
836 2721 943 2775 parem,
