2274 3086
212 187 263 241 204
400 181 433 234 L.
462 177 835 234 Audlaalrsariacsa

271 289 293 337 E
305 291 393 348 turre,
404 285 487 349 lapsis
498 283 557 334 sola
568 297 638 349 quae
646 284 730 333 muris
740 288 841 333 uranet.

271 368 336 404 suo
344 369 370 403 u.
388 354 435 403 Me
444 352 522 419 liquit
531 352 649 413 arsimus3
661 351 782 400 membra
792 351 963 416 quatiuntur,
974 352 1018 403 la-

682 420 756 480 baut,

273 491 431 555 'l‘orpetque
442 488 547 537 vinctus
557 485 656 553 frigido
668 487 778 553 sanguis
788 487 858 552 gelu.

275 571 326 607 uu.
338 556 487 606 lntremuit:
494 553 556 616 hac,
562 553 613 604 lrac
621 561 698 620 parte
705 554 1015 621 quaerendumestmihi.

215 626 265 677 630
276 626 394 676 Matrem
404 625 487 674 timor
498 623 614 674 detexit:
626 623 733 674 iterabo
744 628 854 674 metum.

275 695 329 755 lte,
340 695 393 754 ite,
405 692 521 752 celeres,
532 690 628 742 fraude
639 697 762 742 materna
774 691 894 742 abditum

276 763 391 812 Hostem
403 760 510 826 Pelasgi
520 762 648 821 nominis,
660 765 763 825 pestem
776 760 906 822 ultimam,

276 831 434 896 Ubicunque
445 829 544 890 latitat,
556 835 661 878 erutam
671 830 698 878 in
710 829 827 878 medium
839 829 917 880 datel

277 899 352 950 Bene
363 904 417 948 est:
430 902 546 946 tenetur.
583 897 686 963 Perge,
696 895 810 958 festina,
822 897 942 950 attrahe!
955 927 987 938 --

217 968 269 1018 635
281 967 351 1028 Quid
362 966 475 1030 respicis
486 963 677 1031 trepidasquei
697 965 756 1014 Jam
769 972 843 1014 certe
855 969 932 1030 perit.

278 1049 343 1086 auo
351 1049 378 1084 a.
390 1035 499 1084 Utinam
509 1033 645 1085 timerem!
658 1031 759 1084 Solitus
770 1047 804 1082 ex
814 1034 895 1102 longo
907 1042 949 1086 est
958 1051 1018 1088 me-

689 1107 741 1152 tus.

278 1170 402 1222 Dediscit
413 1171 516 1220 animus
526 1184 602 1231 sero,
612 1170 683 1236 quod
695 1169 789 1220 didicit
800 1169 853 1220 diu.

279 1253 330 1290 uu.
349 1238 475 1288 Lustrale
486 1241 611 1305 quoniam
624 1238 744 1288 debitum
755 1239 838 1288 muris
849 1253 917 1303 puer

279 1306 392 1358 Sacrum
404 1308 564 1368 antecessit,
576 1322 626 1356 nec
638 1312 729 1372 potest
738 1312 827 1356 vatem
839 1309 924 1374 sequi,

219 1376 270 1426 640
281 1376 394 1426 Meliore
405 1373 463 1426 fato
474 1381 582 1440 raptus:
594 1373 648 1426 hoc
659 1373 771 1426 Calchas
782 1377 822 1426 ait

280 1444 366 1494 Modo
378 1444 445 1508 piari
457 1459 536 1508 posse
547 1443 681 1494 redituras
691 1449 774 1504 rates,

282 1511 311 1562 Si
323 1513 414 1578 placet
423 1511 509 1562 undas
520 1512 648 1564 Hectoris
658 1513 746 1577 sparsi
757 1512 832 1572 cinis,

281 1583 315 1630 At
324 1579 443 1630 tumulus
453 1581 508 1629 imo
520 1585 594 1630 totus
605 1587 737 1646 aequetur
746 1580 814 1630 solo.

281 1647 359 1698 Nunc
368 1647 412 1698 ille
425 1649 550 1714 quoniam
561 1648 680 1698 debitam
691 1648 786 1715 effugit
796 1662 898 1710 necem,

222 1717 272 1768 645
286 1717 346 1768 Erit
358 1716 528 1768 admovenda
538 1717 646 1768 sedibus
657 1718 740 1768 sacris
753 1732 856 1768 uranus.

282 1798 382 1838 sana.
401 1785 472 1848 Quid
484 1784 605 1853 agimusi
624 1787 741 1836 animum
758 1784 885 1838 distrahit
900 1789 1023 1854 geminus

693 1855 786 1906 timor:

282 1923 354 1972 Hinc
364 1927 457 1984 natus,
467 1922 541 1972 illinc
552 1923 674 1989 coniugis
686 1925 742 1974 cari
753 1924 827 1974 cinis.

283 1991 351 2040 Pars
361 1996 424 2040 utra
434 1989 542 2040 vinceti
564 1992 665 2042 Testor
674 1991 792 2042 immites
803 1991 879 2054 deos,

282 2057 410 2124 Deosque
421 2073 513 2120 veros,
526 2061 648 2126 coniugis
659 2075 751 2112 manes
762 2060 824 2120 mei,

223 2127 274 2176 650
287 2125 348 2176 Non
359 2126 444 2188 aliud,
457 2127 575 2189 Hector,
585 2129 613 2176 in
624 2143 685 2180 meo
697 2134 780 2194 gnato
790 2125 855 2178 mihi

283 2193 412 2255 Placere,
423 2211 503 2261 quam
515 2195 555 2247 tel
577 2196 672 2258 Vivat,
685 2202 715 2246 ut
727 2197 813 2262 possit
822 2202 885 2248 tuos

282 2261 395 2312 Referre
406 2264 503 2314 vultus.
539 2265 671 2316 Prorutus
681 2265 784 2316 tumulo
796 2265 863 2316 cinis

283 2329 440 2396 Mergeturl
452 2347 515 2382 ossa
526 2331 651 2384 ductibus
663 2335 753 2400 spargi
765 2334 851 2382 sinam

283 2399 407 2448 Disiecta
417 2399 517 2450 vastisl
538 2401 634 2450 Potius
645 2399 689 2451 lric
700 2407 816 2452 mortem
827 2409 947 2469 oppetat.
959 2430 993 2442 -

226 2465 276 2516 655
287 2465 395 2516 Poteris
406 2460 539 2519 nefandae
550 2467 670 2518 deditum
682 2475 769 2520 mater
779 2471 840 2520 neci

284 2533 402 2584 Viderat
424 2538 526 2600 poteris
536 2536 610 2586 celsa
619 2551 668 2601 per
679 2535 789 2603 lastigie

285 2600 398 2652 Missum
410 2603 512 2654 rotarii
531 2604 648 2665 Potero,
660 2607 813 2670 perpetiar,
824 2605 921 2670 leram,

287 2667 358 2718 Dum
371 2685 424 2722 nou
436 2687 511 2724 meus
522 2677 586 2752 pqst
597 2671 655 2723 lata
664 2674 774 2728 victoris
784 2689 867 2727 mauu
