2274 3086
312 237 480 289 ‘MED'EAE
516 237 604 288 Aer.
623 238 644 288 l.
693 257 694 262 ¹

97 338 201 391 Primus
212 337 380 404 sceptriferis
392 339 462 390 colla
472 339 643 389 Tonantibus

96 410 201 458 Taurus
213 407 286 458 celsa
295 407 367 458 ierat
377 413 486 474 tergore
497 407 626 471 carrdid03

95 477 225 526 Lucinam
237 476 309 525 nivei
318 475 419 526 femina
430 477 552 541 corporis

94 545 230 594 lntentata
239 545 303 610 iugo
316 543 414 610 placet.
451 545 501 605 Et,
513 545 602 609 asperi

13 633 14 636 ¹
94 613 189 664 Martis
200 614 361 680 sanguineas
373 628 442 679 quae
453 611 563 663 cohibet
572 627 677 673 manus,

97 681 171 742 Quae
183 681 230 730 dat
239 681 375 748 belligeris
385 681 498 732 foedera
507 681 642 748 gentibus,

95 751 130 800 Et
140 764 224 800 cornu
235 750 335 800 retinet
345 750 428 800 divite
441 751 557 816 copiam,

94 817 219 868 Donetur
229 822 323 868 tenera
333 819 424 868 mitior
435 816 533 867 hostia,

94 887 130 936 Et
138 891 181 946 tu,
194 886 238 951 qui
250 884 355 935 facibus
365 886 491 952 legitimis
502 885 576 947 ades,

94 953 210 1005 Noctem
221 953 367 1004 discutiens
378 955 487 1018 auspice
498 953 620 1016 dextera,

94 1023 156 1072 Huc
166 1021 262 1072 incede
273 1021 358 1088 gradu
369 1021 504 1072 marcidus
515 1020 601 1083 ebrio,

94 1089 277 1157 Praecingens
288 1105 369 1140 roseo
379 1096 506 1156 tempora
514 1089 632 1142 vinculo!

93 1158 133 1208 Et
143 1164 187 1219 tu,
200 1173 268 1224 quae
280 1159 379 1224 gemini
390 1159 500 1224 praevie
510 1159 642 1224 temporis

96 1226 202 1286 Tarde,
214 1227 306 1288 stella,
317 1227 389 1278 redis
400 1241 507 1292 semper
518 1227 685 1276 amantibus:

96 1295 138 1346 Te
151 1299 252 1344 matres
264 1295 371 1356 avidae,
383 1300 411 1346 te
423 1297 534 1360 cupiunt
543 1311 638 1357 nurus,

95 1364 298 1428 Quamprimum
309 1364 399 1414 radios
410 1379 539 1431 spargere
549 1363 663 1414 lucidos.

95 1431 187 1483 Vincit
197 1431 332 1497 virgineus
344 1433 426 1482 decor

13 1523 14 1528 =
95 1499 191 1565 Longe
203 1501 348 1566 Cecropias
359 1514 455 1562 nurus3

13 1593 14 1602 κ
94 1569 133 1618 Et
143 1583 209 1633 quas
222 1565 421 1634 Taygetiiugis

95 1637 216 1686 Exercet
225 1637 350 1686 iuvenum
360 1637 451 1698 modo,

13 1713 15 1720 ’
93 1704 181 1754 Muris
193 1705 264 1770 quod
276 1711 365 1766 caret,
377 1706 518 1772 oppidum3

94 1773 133 1822 Et
144 1787 211 1837 quas
222 1773 321 1823 Aonius
332 1774 415 1836 latex,

13 1899 14 1904 Ἰ
94 1839 267 1906 Alpheosque
278 1857 356 1892 sacer
366 1842 447 1891 lavat.

13 1931 15 1968 ς
96 1908 201 1958 Cedent
211 1909 326 1959 Aesonio
338 1910 409 1972 duci,

13 1973 14 2016 ἶ
95 1975 124 2026 Si
136 1975 225 2026 forma
235 1978 300 2027 velit
310 1978 422 2042 adspici‚

93 2045 192 2096 Proles
203 2044 319 2095 fulminis
329 2047 455 2111 improbi,

93 2115 181 2178 Aptat
191 2114 236 2177 qui
247 2115 313 2178 iuga
323 2114 451 2178 tigribus3

93 2181 154 2232 Nec
166 2195 234 2241 non,
248 2182 292 2246 qui
304 2182 425 2247 tripodas
436 2189 535 2244 movet,

92 2249 194 2300 Frater
203 2250 313 2316 virginis
324 2265 450 2314 asperae;

94 2317 183 2368 Cedet
194 2319 307 2368 Castore
320 2333 381 2368 cum
391 2334 440 2368 suo
541 2331 547 2344 ⁸

92 2385 197 2438 Pollux
208 2387 343 2437 caestibus
355 2389 450 2452 aptior.

94 2452 158 2514 Sic,
170 2455 225 2515 sic,
237 2455 403 2517 Coelicolae‚
415 2469 521 2522 precor,

91 2522 196 2574 Vincat
205 2521 305 2574 femina
317 2525 455 2590 coniuges,
494 2559 496 2563 .

91 2591 145 2642 Vir
155 2591 236 2658 longe
248 2598 358 2657 superet
367 2589 452 2642 virosi

91 2659 175 2710 Haec
186 2675 246 2710 cum
258 2659 374 2710 femineo
387 2662 509 2710 constitit
518 2662 546 2710 iu
558 2658 655 2710 choro:

90 2727 181 2778 Unius
191 2727 277 2778 facies
286 2729 423 2793 praenitet
435 2729 566 2779 omnibus.

158 2795 234 2847 Suu.
255 2797 360 2846 Tunc.

710 2797 731 2848 P
