2134 3088
227 159 278 208 320
417 155 452 206 L.
487 153 644 205 annaei
664 151 861 206 SENECAE

303 256 483 323 Reddsssque
490 255 589 305 vitanti
608 256 679 307 Feta
690 270 728 305 an
736 256 859 308 extendo
870 266 957 320 mee,
1052 298 1056 303 .

303 326 490 392 Martemque,
503 323 616 384 conius,
629 325 664 374 ad
675 331 735 373 trra·
747 339 829 375 serre
841 325 972 376 manus!
1053 346 1056 385 ¹}

305 394 436 446 Virtusno
447 398 573 458 suomet
584 393 689 460 alique,
700 399 730 442 et
741 398 869 444 asinatae
879 407 995 444 mm
1054 397 1055 444 ξ

243 463 294 514 975
305 463 451 514 Intendere
462 475 557 512 eroum
567 461 623 512 tela
634 464 780 511 missurum
788 461 907 524 valente

304 533 344 582 dn
356 545 431 581 erma
443 535 563 592 cessant,
576 535 657 596 teque
667 530 806 596 languenti
817 545 911 580 manu

304 600 365 651 Non
377 599 453 650 audit
464 597 562 648 arensi
582 597 610 648 Si
623 605 715 664 potest
725 599 809 647 letum
821 599 893 648 dare
905 615 914 648 ε

304 671 447 729 Animosa,
460 667 575 730 coniux,
589 666 730 717 dexteram
743 673 866 732 expecto
876 674 981 718 tuerer

304 737 381 788 Mors
392 735 541 786 differatur.
577 735 696 801 Frange,
708 741 738 784 ut
749 737 890 785 insontem
904 735 1028 800 Licham

245 805 297 856 980
306 805 379 855 Alias
389 806 415 854 in
426 804 507 854 urbes
518 819 629 870 sparge,
642 811 671 854 et
681 805 803 870 ignotum
815 803 869 853 tibi

306 874 409 923 Emitte
421 875 448 922 in
460 871 565 923 orbem!
588 872 685 938 perde,
695 878 727 921 ut
736 871 873 922 Arcadiae
885 871 986 937 nefm,

307 942 344 991 Et
355 940 485 1008 quidquid
496 941 572 991 aliud¹
580 939 693 990 restitit!
714 941 753 990 Ab
765 941 818 989 illis
829 945 943 1005 tamen,

307 1010 419 1071 Coniux,
431 1009 534 1060 redisti.
553 1023 573 1058 rr
581 1023 630 1058 re.
640 1009 801 1070 Parmam,
812 1015 918 1073 mater,
937 1025 1038 1078 precor.

308 1077 421 1143 Ignosce
432 1076 509 1128 fatis!
530 1079 617 1128 Error
627 1093 645 1126 a
655 1075 734 1142 eulpa
744 1082 832 1126 vacat.

247 1144 298 1195 985
311 1157 425 1194 omri.
438 1143 465 1195 Si
477 1161 545 1196 vero
553 1148 649 1214 pintan
657 1145 748 1211 Hylle,
759 1147 924 1212 quaerenda
938 1149 1037 1200 esttrli:

309 1212 366 1262 lam
377 1216 479 1278 perime
490 1214 618 1265 matrem!
636 1215 739 1264 Paride
750 1214 813 1280 quid
824 1217 922 1266 renuit
933 1216 1038 1268 manat

310 1281 381 1341 Quid
393 1296 441 1330 ora
451 1281 556 1333 ilectisl
567 1285 628 1334 ldoe
639 1283 691 1334 erit
702 1284 791 1348 pietas
801 1283 902 1334 seelus:

310 1350 424 1416 igneve,
437 1351 563 1400 dubitant
582 1351 728 1402 Herculem
740 1353 826 1416 eripui
838 1351 904 1414 tibi3

314 1417 403 1480 llaec,
414 1417 482 1469 haee
494 1421 732 1486 peremit'dextre,
744 1423 788 1470 cui
799 1420 886 1470 debes
898 1426 979 1486 patri

251 1486 302 1537 990
313 1487 399 1536 Arum
408 1489 570 1538 Tonantem.
607 1489 697 1538 Maius
708 1490 794 1554 eripui
805 1488 900 1550 decus,

312 1553 399 1614 Quam
409 1556 470 1606 luce
480 1557 570 1607 tribui.
607 1555 635 1606 Si
646 1558 694 1606 tibi
704 1559 825 1623 ignotum
837 1562 881 1606 est
891 1558 990 1610 neilus·¹

311 1624 330 1671 Α
343 1629 432 1674 matre
442 1625 524 1674 disee.
561 1624 616 1675 Seu
635 1627 684 1674 tibi
696 1626 788 1692 iugulo
799 1625 892 1691 placet

313 1691 441 1743 Mersisse
452 1692 566 1754 ferrum,
578 1695 633 1744 sive
644 1699 796 1744 maternum
808 1693 876 1743 libet

312 1760 444 1814 invadere
454 1767 574 1812 uterum:
586 1768 675 1812 mater
683 1763 847 1828 intrepidum
858 1759 909 1812 tibi

251 1828 302 1880 995
314 1827 461 1881 Praebebit
471 1832 597 1880 animum.
619 1829 680 1880 Non
692 1832 744 1880 erit
754 1835 842 1880 toturn
854 1831 949 1882 scelus

312 1897 334 1945 Δ
345 1901 373 1947 te
383 1905 538 1963 peractum:
550 1899 663 1948 dextere
674 1905 780 1949 sternar
789 1904 846 1961 tua,

313 1962 366 2014 Sed
378 1973 469 2016 mente
481 1973 583 2017 nostra.
621 1968 727 2018 Gnatus
739 1967 848 2020 Aloidae
858 1967 962 2019 times!

314 2033 357 2081 lta
367 2035 439 2084 nulla
450 2051 567 2102 peragas
577 2037 664 2097 iussa,
677 2051 728 2086 nee
739 2035 870 2104 frangens·
877 2037 955 2088 mala

314 2100 395 2151 Erres
407 2119 456 2167 per
468 2104 575 2167 orbem3
587 2106 610 2155 si
621 2121 675 2170 qua
686 2111 812 2156 nascetur
823 2105 895 2154 iera:

236 2167 303 2218 1000
313 2166 427 2219 Referas
437 2179 586 2236 parentem.
622 2173 772 2223 Dexteram
782 2173 946 2238 intrepidam
963 2177 1035 2244 pera!

313 2235 395 2286 Patet
405 2239 483 2289 ecce!
506 2241 612 2306 plenum
624 2243 880 2306 pectusfaerurmsisr
892 2241 943 2292 ieri
950 2281 957 2294 .

314 2302 407 2356 Scelus
418 2309 536 2358 remitto.
571 2309 709 2360 Dertonae
721 2315 910 2376 pareanttuee

257 2429 265 2456 r
313 2373 476 2426 Eumenides
487 2377 571 2443 ipsae.
608 2378 760 2430 Verborum
770 2379 878 2444 orepuii
886 2384 986 2433 sonus!

316 2441 455 2502 Quaenam
466 2447 532 2507 ista,
544 2452 674 2513 torquens
686 2463 773 2514 angue
783 2449 894 2512 vipereo
908 2463 1022 2514 curnam,

238 2505 270 2554 10
319 2509 387 2562 Tem
409 2513 585 2564 oribusatrae
595 2516 724 2580 squalidis
735 2518 830 2580 pinnas
842 2515 944 2580 quodni

265 2460 378 2841 »Y
399 2579 460 2628 dira
468 2597 510 2630 me
522 2581 655 2646 degn-ente
667 2584 836 2648 persequeris
848 2582 911 2632 face

347 2645 461 2706 eguerat
482 2647 589 2698 Poenas
598 2651 689 2712 poscis
698 2643 826 2701 Aloidae?
846 2649 934 2701 Dabo.

361 2844 398 2937 l

221 3039 342 3078 '’YQZJ
355 3045 389 3076 “.··
