2134 3088
210 321 260 370 aa
390 315 437 383 [u.
455 316 614 368 ‚anunm
635 316 846 386 sannone]

270 421 358 472 Ultrix
367 421 486 486 Erinnys
496 421 580 486 impio
593 421 703 488 dignum
715 425 794 488 parat

269 491 369 542 Letum
379 495 512 554 tyranno,
523 489 651 550 verbera,
662 496 691 553 et
701 497 807 556 turpem
818 487 916 556 fugam,

268 559 443 624 Poenaeque,
455 559 514 624 quis
527 564 556 610 et
567 559 678 608 'rantuli
688 559 780 608 vincat
791 560 873 621 sium,

268 629 365 678 Dirum
375 627 497 677 laborem
509 625 634 692 Sisyphi,
646 627 724 692 Tityi
735 627 836 690 alitem,

207 698 257 749 ⁶25
271 698 425 762 lxionisque
437 695 559 746 membra
569 696 719 762 rapientem
731 701 830 745 rotam,

266 766 347 817 Licet
357 769 467 814 extruat
478 765 658 816 marmoribus
670 769 752 830 atque
764 777 830 814 auro
841 771 915 834 tegat

267 833 405 900 Superbus
418 833 520 896 aulam3
530 833 610 884 limen
623 839 744 882 armatae
756 833 831 884 ducis

268 903 384 954 Servent
395 899 536 965 cohortes3
547 903 639 951 mittat
649 903 794 952 immensas
807 917 872 968 opes

267 970 424 1022 Exhaustus
436 971 523 1032 orbis3
535 971 671 1036 supplices
682 970 806 1020 dextram
817 975 911 1037 petent

208 1044 258 1094 nau
270 1038 365 1092 Parthi
376 1045 529 1101 eruentam3
541 1053 638 1105 regna,
651 1039 772 1100 divitias,
786 1038 876 1090 ferant
921 1045 928 1050 “

267 1109 369 1162 Veniet
380 1108 438 1158 dies
449 1114 624 1174 tempusque,
636 1123 690 1174 quo
702 1107 800 1158 reddat
809 1109 865 1158 suis

267 1179 390 1229 Animam
401 1185 544 1228 nocentem
556 1177 718 1238 sceleribus,
728 1176 849 1243 iugulum
860 1176 990 1244 hostibus,

267 1247 400 1306 Desertus
412 1251 440 1297 et
451 1246 605 1296 destructus
617 1251 645 1296 ct
656 1246 761 1295 eunctis
772 1259 864 1312 egens.

269 1316 346 1376 lieu,
357 1329 411 1380 quo
422 1315 513 1377 labor,
525 1330 578 1380 quo
589 1321 655 1365 vota
666 1313 822 1365 ceciderunt
834 1315 911 1368 meai

208 1385 258 1436 035
272 1384 332 1444 Quo
343 1388 371 1434 te
385 1382 462 1432 furor
472 1385 598 1449 provexit
609 1383 756 1433 attonitum
766 1389 829 1434 tuus

268 1453 304 1502 Et
315 1450 387 1514 iata,
397 1455 475 1514 nate,
487 1451 567 1502 cedat
577 1458 608 1502 ut
618 1454 701 1502 tantis
712 1451 790 1502 malis

269 1521 415 1572 Genitricis
425 1521 479 1582 ira,
492 1536 562 1588 quae
572 1526 620 1570 tuo
632 1521 736 1572 scelere
747 1518 866 1572 occiditi

269 1590 391 1652 Utinam,
403 1593 547 1656 antequam
559 1595 587 1641 te
598 1589 740 1656 parvulum
750 1591 777 1638 in
788 1589 876 1640 lucem
887 1589 962 1642 edidi

268 1659 394 1725 Aluique,
406 1673 505 1709 saevae
515 1665 611 1708 nostra
622 1659 789 1710 lacerassent
799 1657 875 1710 ferae

208 1727 259 1778 640
269 1725 397 1779 Visceral
410 1729 468 1778 sine
478 1728 533 1778 ullo
545 1728 664 1789 scelere,
675 1729 733 1778 sine
744 1743 839 1788 sensu,
850 1729 998 1788 innocens,

267 1797 360 1859 Meus,
372 1796 535 1860 occidissem
546 1798 656 1846 iunctus
668 1803 750 1863 atque
761 1794 877 1847 haerens
887 1794 955 1846 mihi

267 1863 381 1931 Semper
391 1867 510 1932 quietam
521 1859 647 1916 cerneres
658 1865 750 1946 seriem
761 1863 891 1926 lusorum,

267 1934 404 1996 Proavos,
417 1939 590 2002 patremque,
601 1936 717 1984 nominis
727 1935 818 2000 magni
829 1934 903 2002 viros

274 2004 349 2064 Quos
360 2018 432 2052 nuno
442 2004 530 2068 pudor
541 2005 684 2070 luctusque
694 2009 843 2068 pe1·petuus
854 2009 953 2055 manet

205 2069 256 2120 6⁴5
268 2072 311 2122 Ex
320 2077 362 2133 te,
373 2071 504 2134 nefande,
516 2077 627 2140 meque,
639 2087 709 2138 quae
719 2072 802 2122 talem
811 2071 869 2122 tuli.

266 2140 338 2200 Quid
348 2147 442 2207 tegere
453 2156 532 2192 cesso
544 2144 664 2192 Tartaro
674 2140 766 2204 uultus
777 2153 863 2202 meos,

266 2207 405 2270 Noverca,
417 2211 529 2274 coniux,
541 2216 630 2262 mater
639 2208 734 2260 infelix
745 2207 829 2259 meisi

394 2385 615 2444 occurro,
639 2383 828 2432 cuorus.

244 2482 342 2526 Octauia
353 2481 496 2528 insimulata
506 2483 732 2540 nirtitiafnoentem
740 2482 785 2526 ribi
789 2484 910 2538 popellum
919 2493 996 2538 orat,
1004 2499 1033 2528 ne

206 2537 333 2581 diuortium
341 2539 377 2581 rui
386 2540 472 2592 lugent.
512 2539 597 2584 Chorus
608 2546 684 2588 tremor
694 2539 765 2594 ipsius
774 2539 846 2582 uicem
855 2541 932 2584 dolet.

265 2641 337 2677 ocu.
349 2628 457 2680 Parcite
467 2629 586 2682 lacrimis
596 2631 671 2682 urbis
681 2629 753 2682 festo

264 2693 407 2762 Laetaque
419 2697 475 2748 die:

206 2755 256 2808 650
267 2761 308 2812 Ne
319 2769 411 2814 tentus
422 2780 499 2816 amor
508 2767 648 2834 nostrique
658 2766 739 2822 farer

264 2828 396 2898 Principis
408 2847 484 2886 acras
495 2836 609 2902 suscitet
618 2837 682 2900 iras,
