2274 3086
217 168 267 216 244
389 163 422 214 L.
460 163 614 214 ANNAEi
636 160 827 214 SENECAE

276 271 364 318 Arena
373 267 492 332 Libyae,
505 281 625 333 quasque
636 266 839 332 perpetuamve

275 339 383 388 'saurus
395 341 504 386 coercet
515 335 616 401 frigore
628 337 729 384 Arctoo
740 336 839 400 rigens,

215 406 264 460 685
277 407 313 456 Et
325 421 403 455 onine
414 409 572 454 monstrum.
609 405 713 452 Tracta
721 403 833 468 magicis
844 400 968 450 cantibus

276 472 447 540 squamifera
456 473 566 522 latebris
577 471 658 520 turba
669 471 782 521 desertis
794 469 879 520 adest.

276 543 329 592 iiic
340 557 422 592 saeva
433 555 543 606 serpens
555 555 654 605 corpus
664 541 824 589 immensum
835 536 928 598 trahit,
1128 571 1129 578 1

274 608 461 675 Triiidamque
472 609 590 674 linguam
602 613 722 668 exertat,
734 612 770 667 et,
783 603 1018 672 quaerensquibus
1081 661 1089 668 ,
1128 645 1129 666 ἢ

277 678 421 730 Mortifera
431 679 535 737 veniat,
546 677 664 726 carmine
676 675 769 725 audito
781 680 881 740 stupet,

217 749 269 800 600
281 747 480 812 Tumidumque
491 745 568 794 nodis
580 759 679 810 corpus
691 745 810 809 adgestis
821 743 913 808 plicat,

278 817 410 882 Cogitque
421 815 448 863 iu
461 813 549 864 orbes.
587 813 696 875 „Parva
706 815 796 874 sunt,“
808 811 908 876 inquit,
919 809 1020 873 „maia‚

280 886 314 934 Et
324 884 376 932 viic
387 883 470 933 telum
482 887 537 941 est,
548 883 603 932 ima
613 881 685 948 quod
695 881 775 930 telius
787 885 875 930 creat:
952 901 959 912 ·

279 951 361 1002 Coelo
374 956 465 1016 petam
477 964 587 1000 venena.
616 951 734 1009 ,laniiam
745 954 852 1014 tempus
862 953 905 998 est

279 1021 383 1086 Aliquid
395 1034 503 1068 movere
515 1017 612 1068 fraude
622 1018 727 1084 vulgari
738 1018 826 1068 altius.

220 1089 269 1140 005
282 1089 343 1138 Huc
353 1087 397 1137 ille
408 1088 476 1136 vasti
489 1101 564 1136 more
576 1087 705 1136 torrentis
716 1087 808 1136 iacens

280 1155 436 1206 Descendat
447 1156 555 1220 anguis,
568 1155 644 1205 cuius
654 1156 800 1204 immensos
811 1154 889 1214 duae,

280 1225 370 1273 Maior
381 1220 535 1289 minorque,
545 1224 665 1272 sentiunt
676 1223 763 1273 nodos
774 1222 858 1286 serae,

281 1293 370 1342 Maior
380 1292 515 1356 Pelasgis,
527 1296 592 1356 apta
604 1290 720 1340 Sidoniis
733 1291 832 1340 minor!

281 1362 447 1426 pressasque
458 1359 568 1409 tandem
580 1359 669 1408 solvat
680 1357 837 1426 Ophiuchus
849 1373 953 1419 manus,

221 1433 271 1480 '100
285 1429 420 1495 virusque
431 1427 539 1477 fundat!
560 1429 638 1478 Adsit
649 1428 683 1476 ad
695 1433 791 1477 cantus
800 1442 876 1477 meos

282 1498 431 1548 Lacessere
444 1513 524 1548 ausus
535 1497 643 1562 gemina
654 1494 763 1560 Python
775 1494 896 1545 numina!

282 1568 317 1616 Et
329 1565 430 1631 hydra,
442 1570 470 1614 et
481 1566 567 1614 omnis
579 1565 674 1614 redeat
686 1564 823 1614 Herculea
834 1579 915 1613 manu

282 1633 395 1685 Succisa
405 1649 530 1698 serpens,
549 1633 633 1683 caede
645 1648 674 1682 se
684 1647 814 1697 reparans
825 1631 887 1682 sua!

281 1705 325 1752 'l'u
337 1718 443 1769 quoque
455 1703 556 1753 relictis
567 1702 680 1768 pervigil
692 1699 800 1750 Colchis
812 1701 886 1762 ades,

221 1773 272 1821 ’105
286 1771 380 1836 Sopite
391 1773 505 1837 primum
516 1771 654 1830 cantibus,
667 1785 792 1835 serpens,
804 1767 904 1820 meis!“

283 1841 430 1906 Postquam
443 1841 567 1890 evocavit
580 1851 660 1888 omne
671 1843 826 1903 serpentum
837 1852 935 1904 genus:

284 1910 413 1976 Congen't
422 1910 450 1956 in
461 1924 543 1958 unum
555 1907 640 1974 frugis
650 1906 785 1956 infaustae
798 1905 880 1956 mala:

284 1978 467 2042 Quaecunque
478 1981 592 2042 generat
601 1977 688 2025 invius
699 1975 772 2026 saxis
783 1973 873 2040 Eryx3

284 2047 360 2105 Quae
372 2044 425 2094 fert
437 2045 539 2110 opertis
550 2041 638 2094 hieme
649 2051 783 2110 perpetua
791 2043 861 2112 iugis

222 2115 273 2162 ‘110
286 2112 401 2179 Sparsus
415 2128 511 2162 cruore
523 2115 660 2162 Caucasus
672 2109 839 2171 Promethei,

284 2183 319 2232 Et
330 2183 388 2246 quis
400 2182 514 2249 sagittas
525 2182 623 2232 divites
635 2183 736 2232 Arabes
748 2182 843 2242 linunt,

283 2247 470 2314 Pharetraque
483 2266 591 2318 pugnax
602 2249 713 2312 Medus,
725 2245 878 2316 autParthi
889 2247 975 2310 lercs3

283 2319 336 2366 Aut
348 2333 416 2384 quos
428 2318 540 2370 suhaxe
551 2317 650 2385 frigido
670 2334 767 2368 succos
777 2317 871 2384 legunt

284 2386 367 2436 Lucis
379 2383 460 2436 Suevi
470 2387 573 2437 nobiles
585 2387 741 2450 Hercyniis.

223 2454 274 2504 715
287 2455 472 2522 Quodcunque
483 2457 563 2506 tellus
573 2471 636 2505 vore
647 2455 755 2505 nidifico
768 2460 857 2517 creat3

284 2525 349 2585 Aut,
361 2524 448 2590 rigida
460 2541 519 2574 cum
531 2525 585 2574 iam
594 2523 692 2574 bruma
702 2524 822 2574 decussit
833 2523 916 2572 decus
1008 2585 1012 2591 1

285 2591 444 2652 Nemorum,
457 2598 484 2642 et
496 2592 576 2642 nivali
590 2591 688 2640 cuncta
699 2593 860 2642 constrinxit
870 2590 946 2656 geiu;

285 2661 471 2726 Quodcunque
483 2675 594 2726 gramen
604 2659 671 2710 flore
682 2659 823 2710 mortifero
835 2661 912 2722 viret,
