2274 3086
258 189 538 243 AGAMEMNON.
573 193 662 244 AcT.
680 193 732 245 11.·
849 196 903 250 20⁵

99 294 354 360 Veniettyrennusr
366 309 498 360 prospera
508 295 610 346 animos
623 295 746 348 efferunt.

98 362 197 414 Effusa
208 363 281 413 circa
292 363 416 428 pellicum
426 369 529 430 quante
539 365 612 414 venit

100 433 197 483 'rurba
207 429 353 498 adparatrrl
372 430 431 481 sola
441 431 490 482 sad
501 432 581 482 turba
592 433 702 496 eminet,

101 501 246 567 Tenetque
258 515 349 566 regem
359 499 461 552 lanula
470 501 582 552 veridici
591 501 643 552 dei.
771 513 776 522 ¹
852 505 903 556 ²55

100 569 222 622 Feresne
233 567 344 619 thalami
356 569 428 619 victa
439 576 593 624 consortem
602 569 659 621 tuit

101 639 138 689 At
148 638 195 691 illa
205 637 288 687 nolet.
323 635 451 688 Ultimum
462 645 505 690 est
516 645 617 704 nuptae
627 640 727 690 malum

101 705 198 757 Palam
209 706 310 755 marita
319 706 461 771 possidens
467 708 560 774 ¹pellea
570 708 689 758 demum.

102 773 162 826 Nec
173 789 258 841 regna
268 775 371 824 socium
382 773 454 825 serre
466 792 516 826 nec
526 777 624 826 taedae
634 779 732 829 sciunt.

106 853 205 894 cerr.
215 841 357 909 Aegistho,
369 843 434 910 qrild
443 859 487 894 me
498 846 622 894 rursusin
628 859 759 914 praeceps
765 852 832 917 agis,
854 853 904 905 260

103 913 229 978 lramque
239 911 353 962 llammis
363 913 417 962 iam
428 912 589 964 residentem
600 914 714 965 incitas?

103 980 232 1033 Permisit
241 980 341 1046 aliquid
351 981 441 1032 victor
450 983 477 1030 in
486 985 582 1046 captas
592 981 658 1034 sibii

103 1048 167 1102 Non
177 1049 318 1116 coniugem
329 1047 382 1100 lice
393 1047 542 1116 respicere,
553 1065 607 1100 non
618 1051 755 1104 dominam
765 1054 854 1108 decet.

103 1117 165 1170 Lex
176 1119 229 1169 alia
239 1118 307 1169 solio
319 1123 373 1181 est3
386 1119 438 1170 alia
449 1120 554 1184 privato
564 1120 593 1168 in
602 1125 672 1172 loro.

103 1187 189 1251 Quiri,
201 1187 273 1255 qued
283 1201 393 1238 severas
403 1185 475 1240 ferre
487 1201 530 1238 me
539 1188 613 1256 leges
624 1192 682 1240 viro
853 1195 905 1246 265

103 1256 167 1309 Non
179 1259 281 1324 patitur
289 1257 407 1318 animus,
419 1258 505 1322 turpis
517 1257 625 1308 admissi
635 1260 757 1310 memori

104 1325 161 1378 Det
168 1325 213 1377 ille
224 1326 329 1376 veniam
342 1323 435 1388 facile,
448 1327 491 1376 cui
501 1327 581 1376 venia
591 1333 634 1378 est
644 1343 721 1394 opus.

105 1407 269 1445 sacraris.
281 1395 323 1444 lta
334 1392 392 1444 esti·
412 1396 512 1458 pacisci
524 1399 644 1444 mutuam
655 1397 762 1448 reniam
773 1396 854 1448 licetl

97 1461 118 1530 ¹l
156 1467 204 1512 oia
213 1463 261 1513 tibi
273 1467 335 1512 sunt
344 1463 405 1520 iura
415 1477 560 1527 regnorum
571 1461 643 1514 haud
654 1477 732 1515 nera.

103 1477 190 1582 ligiis
200 1530 307 1596 maligni
316 1529 521 1596 iudices,aequi
532 1531 591 1592 sibi,
854 1534 906 1586 alc

32 1616 37 1640 2
103 1599 136 1650 ld
148 1613 207 1650 esse
219 1599 295 1664 regni
308 1598 452 1648 maximnm
465 1600 561 1666 pignus
572 1605 677 1666 putant,

104 1665 134 1718 Si
147 1667 274 1735 quidquid
288 1666 345 1716 aliis
357 1681 409 1716 nen
420 1667 498 1728 licet,
509 1669 574 1719 solis
584 1669 656 1719 licet.

106 1750 203 1788 ccrr.
217 1737 324 1802 ignorit
336 1734 471 1786 Helenaer
481 1737 575 1786 iuncta
583 1736 711 1788 Menelao
721 1737 802 1800 redit,

104 1807 181 1868 Quae
193 1805 330 1870 Europam
342 1809 371 1854 et
379 1805 469 1854 Asiam
480 1805 589 1870 paribus
601 1803 705 1856 adflixit
714 1806 801 1856 malis.

104 1888 144 1925 nn
153 1885 270 1924 crsrrr.
287 1870 342 1923 Sed
354 1872 426 1923 nulla
436 1872 546 1924 Atriden
556 1887 655 1925 venere
666 1873 768 1924 strrtiva
783 1873 844 1926 abs-

657 1941 731 2004 tulit,
851 1945 904 1995 215

104 2010 162 2064 Nec
173 2011 246 2078 cepit
257 2011 374 2061 animum
385 2011 492 2078 coniugi
504 2011 665 2062 obstrictum
675 2021 750 2064 suae.

103 2081 161 2133 lam
172 2081 273 2132 crimen
284 2080 328 2130 illc
341 2081 460 2146 quaerit,
471 2086 500 2130 et
510 2096 606 2132 causas
618 2086 697 2145 parat

103 2149 146 2201 Nil
157 2165 217 2202 esse
228 2148 309 2202 crctle
320 2155 399 2214 turpe
410 2150 582 2199 cometissam
594 2149 656 2199 tibi:

105 2219 175 2280 Quid
187 2217 302 2270 honesta
313 2217 425 2283 prodest
435 2219 503 2280 vita,
515 2217 618 2284 flagitio
628 2233 738 2279 vacans,

103 2289 155 2338 Ubi
165 2287 289 2338 donrinus
300 2285 374 2336 odit!
394 2286 439 2337 Fit
449 2301 564 2346 noeens3
575 2301 629 2336 non
641 2288 781 2354 quaeritur
851 2287 903 2339 28⁰

105 2352 265 2422 Spartamne
277 2361 385 2422 repetes
396 2362 489 2420 spreta
498 2362 527 2406 et
537 2356 658 2408 Eurotan
670 2360 746 2408 tuum

103 2422 262 2491 Patriasque
273 2424 352 2474 sedes
363 2423 496 2492 profuga?
518 2423 578 2474 Non
590 2425 656 2475 dant
666 2425 770 2474 exitum

102 2490 225 2557 Repudia
236 2507 336 2558 regum.
372 2491 428 2557 Spe
438 2499 539 2542 metum
550 2493 619 2542 salsa
628 2493 712 2543 levas.

107 2573 202 2609 carr.
219 2560 327 2610 Delicta
336 2562 411 2611 novit
422 2577 500 2612 nemo
511 2563 562 2612 nisi
574 2561 643 2611 lidus
654 2575 725 2610 mea.

104 2640 267 2679 nscrsrn.
282 2627 344 2679 Non
353 2625 558 2697 intratunquam
565 2631 667 2697 regium
673 2630 752 2679 limen
759 2628 837 2682 fides.
851 2630 902 2682 2⁸5

106 2709 143 2749 cr.
151 2709 200 2748 rr.
213 2696 317 2763 Opibus
328 2699 465 2761 merebor,
477 2705 509 2749 ut
519 2698 600 2749 iidem
611 2699 698 2764 pretio
711 2697 837 2767 obligem.
