2274 3086
249 215 540 268 -AGAMEMNON.
576 221 663 272 AGT.
681 221 729 274 iv.
849 226 899 279 283

82 315 230 384 Fugitque
241 319 267 368 in
278 333 359 368 auras
369 318 471 368 leviore
483 333 567 369 ramo.

81 385 204 436 Audivit
214 389 331 437 sonitum
344 388 495 452 crepitante
505 387 594 440 ianrna

81 453 219 521 Frigidus
232 462 324 506 custos
335 457 442 505 nescius
452 458 547 514 somni,

82 521 246 589 Linqueret
257 538 316 572 cunr
328 524 381 571 ianr
393 538 486 573 neruus
498 539 577 576 onrnn
588 525 662 579 fulvo

82 588 194 640 Plenus
204 591 310 641 Alcides
321 605 435 641 vacuum
448 593 565 644 metalio.

84 659 213 710 Tractus
227 659 259 708 ad
270 659 376 710 coetum
389 661 463 710 canis
474 660 625 713 inferorum

85 726 208 792 Triplici
221 733 319 778 catena
329 731 428 790 tacuit,
443 743 493 778 nec
504 730 559 780 uilo

84 793 221 845 Latravit
232 809 293 857 οιιι,Ι
305 797 372 846 lucis
383 799 494 863 ignotae

85 863 222 914 Metuens
234 865 361 915 colorent.
398 866 439 915 Te
451 865 519 916 duce
531 867 647 919 succidit

87 931 215 982 Mendax
226 932 383 983 Dardaniae
395 933 500 995 donnus,

89 1001 129 1050 Et
141 1002 228 1051 sensit
240 1017 320 1052 arcus
332 1003 429 1052 iterunr
441 1003 590 1066 tiniendos3

90 1069 136 1119 Te
148 1069 218 1120 duce
230 1069 350 1122 concidit
359 1071 473 1121 totidem
485 1071 579 1123 diebus

91 1137 195 1203 Troia,
207 1145 274 1206 quot
285 1137 370 1191 annis.

270 1437 429 1504 ACTUS
474 1439 713 1515 QUINTUS.

367 1607 626 1658 CASSANDM.

125 1768 134 1807 t
153 1705 283 1749 cassandra
293 1707 383 1749 caedem
392 1705 570 1760 Agamemnonis
578 1716 660 1753 meum
670 1711 740 1756 oerelt'r
752 1713 815 1760 uidet
828 1730 893 1761 enar·

95 1776 123 1804 ra
134 1776 181 1821 que.

95 1853 168 1938 Res
179 1887 269 1954 agitur
278 1887 351 1936 intus
361 1900 474 1954 magna,
486 1901 536 1953 par
546 1889 622 1938 annis
633 1889 740 1942 decem!

94 1955 184 2017 Eheu,
195 1955 258 2023 quid
270 1953 322 2005 hnc
333 1954 390 2005 esti
401 1956 508 2018 Anime,
519 1973 666 2025 consurge,
678 1967 706 2011 et
718 1977 786 2029 cape
799 1991 805 2004 ·
842 1965 893 2018 860

95 2023 214 2076 Pretium
224 2023 337 2074 furoris:
349 2024 461 2074 vicinius
472 2027 534 2076 victi
546 2024 683 2094 Phryges!

97 2093 168 2145 Bene
180 2092 234 2143 est!
254 2093 387 2159 resurgis,
398 2093 495 2144 'l'ruiai
507 2097 613 2144 traxisti
626 2099 717 2148 iacens

96 2161 178 2213 Pares
188 2161 333 2227 Mycenas*
355 2168 433 2228 terga
444 2162 491 2212 dat
502 2165 590 2214 victor
600 2164 676 2214 tuus!

98 2230 163 2282 Tam
174 2230 246 2280 clara
256 2244 390 2296 nunquam
404 2231 533 2295 providae
543 2234 640 2284 mentis
651 2232 728 2287 furor

99 2299 219 2351 Ostendit
231 2299 329 2350 oculis:
340 2299 434 2360 rideo,
446 2306 473 2350 et
484 2302 627 2365 intersum,
639 2309 668 2354 et
676 2303 762 2357 fruor.
840 2307 890 2360 stt

98 2367 185 2435 imago
197 2370 270 2419 visus
282 2367 363 2418 dubia
375 2383 427 2418 non
440 2367 509 2419 iaiiit
520 2385 608 2422 meos:

100 2434 259 2500 spectemus.
296 2437 400 2502 Epulne
411 2439 487 2504 regia
495 2438 643 2490 instructae
655 2441 745 2504 dumo,

101 2503 192 2564 Quales
203 2504 312 2554 fuerunt
324 2505 434 2556 ultinrae
446 2504 600 2573 Phrygibus
610 2509 703 2574 dapes,

101 2573 275 2623 Celrrbrantur.
311 2573 394 2623 Ostro
405 2574 493 2624 lectus
505 2575 587 2626 iliaco
597 2579 674 2639 nitet,

100 2643 251 2708 Merumque
262 2641 289 2690 in
302 2655 368 2691 auro
380 2644 479 2694 veteris
492 2643 617 2695 Assaraci
629 2643 753 2711 trahunt3
840 2648 893 2705 8³10

101 2711 136 2764 st
143 2712 196 2780 ipse
207 2709 281 2778 picta
291 2715 366 2762 reste
377 2711 498 2762 sublimis
507 2713 589 2776 iacet,
