2274 3086
219 192 270 241 200
390 188 424 238 L.
460 185 614 238 ΑΝΝΑΕΙ
634 183 825 236 SENECAE

278 293 339 353 Quo
350 290 437 340 lateat
447 287 543 340 intans.
580 288 665 348 Quem
676 287 766 337 iocum
777 287 866 338 fraudi
876 287 983 356 legum!

276 361 328 410 Est
338 358 458 409 tumulus
469 359 563 422 ingens
574 357 697 422 coniugis
708 357 764 405 curi
775 371 862 418 sacer,

276 427 418 480 verendus
430 425 516 486 hosti,
527 425 598 474 mole
610 439 688 490 quem
699 425 830 475 immensa
839 439 937 490 parens

279 497 435 561 opibusque
446 495 551 560 magnis
562 494 674 554 struxit,
685 494 712 542 in
723 492 812 542 luctus
822 509 887 544 suos
901 531 910 544 .

218 565 270 614 400
281 566 340 614 Rex
351 578 404 612 non
416 577 525 612 avarus:
538 563 640 626 optime
652 561 761 610 credam
773 561 852 627 patri.
863 589 896 599 ·-

279 631 369 683 Sudor
380 646 430 698 per
439 636 514 679 artus
525 628 638 696 frigidus
650 634 724 678 totos
736 631 822 678 cudit:

281 702 366 752 Omen
378 700 506 748 tremisco
517 699 616 748 misera
627 697 719 747 ieratis
730 697 794 747 ioci.

280 783 318 818 sn
326 783 351 818 n.
364 769 441 817 Haec
453 781 536 816 causa
546 765 645 815 multos
655 780 710 814 una
720 765 754 815 ab
765 767 875 816 interitu
888 769 984 828 arcuit,

281 837 477 901 Credipen'sse.
496 847 591 884 enon.
603 834 1019 902 Vixspeiquidqunmestsuper:

220 906 272 956 495
285 905 374 955 Grave
386 903 492 968 pondus
503 901 576 951 iilum
588 917 688 968 magne
698 903 824 951 nobilitas
835 905 941 968 premit.

282 987 320 1022 sn
328 987 354 1020 n.
375 972 416 1021 Ne
427 971 525 1036 prodat
536 971 644 1036 aliquis,
657 985 753 1020 emove
764 975 848 1021 testes
860 971 923 1021 doli.

280 1056 298 1092 n
306 1054 348 1090 un
356 1054 382 1089 n.
394 1038 422 1089 Si
434 1045 547 1105 quaeret
557 1036 660 1089 hostist
673 1051 744 1088 suu.
757 1038 828 1156 Urpbe
838 1041 867 1088 in
873 1053 968 1090 eversa
973 1055 1021 1106 pc·

281 1191 298 1226 n
306 1190 348 1225 no
356 1190 383 1225 n.
401 1175 471 1236 Quid
482 1175 606 1240 proderit
616 1174 728 1224 latuisse
737 1175 859 1225 redituro
870 1176 897 1226 in
907 1175 1022 1225 manuni

282 1257 353 1294 sun.
373 1244 472 1295 Victor
481 1244 589 1294 feroces
599 1245 717 1308 impetus
729 1245 830 1308 primos
841 1242 931 1294 hebet.

222 1313 272 1364 500
284 1327 323 1362 nn
331 1326 350 1361 o
358 1327 384 1362 n.
397 1312 481 1374 Quid,
492 1312 798 1378 quodiuteresinemetu
806 1309 1022 1380 mugnonequit!

281 1395 352 1431 snm.
371 1382 456 1431 Miser
465 1386 583 1446 occupet
593 1379 743 1446 praesidia,
754 1395 867 1430 securus
877 1381 960 1446 legat.

280 1463 321 1500 nn
329 1464 347 1499 o
356 1464 381 1499 n.
393 1449 460 1510 Quis
472 1455 500 1499 te
515 1449 604 1509 locus,
617 1463 686 1514 quae
698 1449 773 1514 regio
785 1449 911 1511 seducte,
922 1449 995 1498 invia

282 1519 356 1568 Tuto
368 1516 499 1582 reponeti
514 1518 573 1583 quis
584 1516 655 1566 feret
665 1517 779 1582 trepidis
787 1515 884 1583 opemt

281 1587 348 1646 Quis
360 1585 501 1652 proteget?
512 1587 564 1646 Qui
575 1599 695 1650 semper,
707 1587 787 1635 etiarn
798 1601 869 1636 nnnc
880 1591 952 1645 tuos,

221 1655 271 1706 505
282 1656 401 1715 Hector,
412 1659 502 1715 tuere3
515 1654 637 1720 coniugis
648 1660 749 1703 sortem
761 1655 822 1720 piae

281 1723 378 1784 Serra,
391 1729 419 1772 et
430 1722 501 1772 fideli
514 1723 604 1772 cinere
616 1723 748 1771 victurum
761 1721 869 1788 excipe!

282 1791 405 1842 Succede
416 1791 535 1853 tumulo,
546 1789 641 1858 gnate!
658 1790 729 1852 Quid
739 1796 814 1841 retro
825 1791 907 1856 iugis,

281 1861 442 1926 'Purpesque
453 1860 572 1912 latebras
583 1857 705 1924 spernis?
720 1860 845 1925 Agnosco
856 1857 987 1908 indolem!

281 1928 370 1978 Pudet
382 1929 487 1978 timere.
524 1927 641 1994 Spiritus
653 1941 767 1993 magnos
778 1927 844 1994 iugo

221 1997 435 2060 ilddninrosque
446 2001 568 2058 veteres;
581 2011 670 2055 sume,
682 2011 750 2061 quos
762 2011 841 2046 cusos
853 1991 939 2046 dedit!

282 2065 337 2124 En,
348 2065 463 2126 intuere,
475 2064 554 2115 turba
565 2079 634 2131 qnue
643 2066 727 2114 simus
738 2079 832 2130 super:

282 2131 427 2194 'romulum
440 2147 520 2198 puer,
532 2134 651 2198 captiva:
664 2133 814 2183 cedendum
826 2139 868 2182 est
878 2131 963 2181 maiis.

282 2199 396 2250 Sanctae
407 2203 526 2264 parentis
538 2202 640 2251 conditi
652 2201 745 2264 sedes,
756 2215 817 2268 age,

281 2269 357 2320 Aude
368 2269 468 2319 subire.
503 2271 573 2320 Feta
584 2272 606 2320 si
619 2271 732 2320 miseros
743 2273 844 2319 iuvent:

222 2337 272 2388 51⁵
284 2338 378 2388 Habes
389 2337 517 2398 saintenn
528 2337 617 2388 ratast
629 2339 712 2388 vitam
725 2343 837 2404 negant:

282 2406 1029 2471 Habessepulcrumsmnfflaustrucommissumtegunt3

283 2475 371 2536 Quem
384 2489 417 2524 ne
427 2481 491 2524 tuus
502 2475 637 2539 producet
648 2476 673 2524 in
687 2475 804 2525 medium
814 2477 904 2535 timor,

284 2542 385 2592 Procul
396 2541 580 2602 nicomede,
591 2554 673 2608 teque
684 2543 818 2593 diversam
829 2557 934 2592 amove.

288 2625 326 2658 nn
334 2625 353 2659 0
362 2623 388 2659 n.
411 2610 513 2661 Leuius
522 2609 593 2660 solet
602 2612 712 2671 timere,
724 2613 769 2678 qui
782 2613 892 2678 propius
902 2612 996 2660 timete

228 2677 278 2728 510
290 2675 358 2741 Sed,
367 2678 392 2728 ti
401 2677 506 2743 piacet,
517 2677 667 2729 referemus
678 2677 740 2730 hino
753 2680 806 2730 elio
818 2678 923 2746 pedem.
