<?xml version="1.0" encoding="UTF-8"?>
<!DOCTYPE html PUBLIC "-//W3C//DTD XHTML 1.0 Transitional//EN"
    "http://www.w3.org/TR/xhtml1/DTD/xhtml1-transitional.dtd">
<html xmlns="http://www.w3.org/1999/xhtml" xml:lang="en" lang="en">
 <head>
  <title>
</title>
<meta http-equiv="Content-Type" content="text/html;charset=utf-8" />
  <meta name='ocr-system' content='tesseract 3.04.00' />
  <meta name='ocr-capabilities' content='ocr_page ocr_carea ocr_par ocr_line ocrx_word'/>
</head>
<body>
  <div class='ocr_page' id='page_1' title='image "./lannaeisenecaet02senegoog_0238.png"; bbox 0 0 2274 3086; ppageno 0'>
   <div class='ocr_carea' id='block_1_1' title="bbox 334 207 916 270">
    <p class='ocr_par' dir='ltr' id='par_1_1' title="bbox 334 207 916 270">
     <span class='ocr_line' id='line_1_1' title="bbox 334 207 916 270; baseline -0.009 0"><span class='ocrx_word' id='word_1_1' title='bbox 334 213 491 270; x_wconf 81' lang='lat' dir='ltr'><strong>MEDEA·</strong></span> <span class='ocrx_word' id='word_1_2' title='bbox 526 215 680 267; x_wconf 65' lang='lat' dir='ltr'><strong>lcum.</strong></span> <span class='ocrx_word' id='word_1_3' title='bbox 791 207 793 216; x_wconf 68' lang='grc'>’</span> <span class='ocrx_word' id='word_1_4' title='bbox 864 213 916 266; x_wconf 79' lang='grc'><strong>231</strong></span> 
     </span>
    </p>
   </div>
   <div class='ocr_carea' id='block_1_2' title="bbox 110 316 913 787">
    <p class='ocr_par' dir='ltr' id='par_1_2' title="bbox 113 316 701 383">
     <span class='ocr_line' id='line_1_2' title="bbox 113 316 701 383; baseline -0.002 -16"><span class='ocrx_word' id='word_1_5' title='bbox 113 316 222 368; x_wconf 77' lang='lat' dir='ltr'><strong>Mutare</strong></span> <span class='ocrx_word' id='word_1_6' title='bbox 233 316 326 382; x_wconf 82' lang='lat' dir='ltr'><strong>sedes3</strong></span> <span class='ocrx_word' id='word_1_7' title='bbox 339 331 423 368; x_wconf 88' lang='lat' dir='ltr'><strong>causa</strong></span> <span class='ocrx_word' id='word_1_8' title='bbox 432 317 550 383; x_wconf 81' lang='lat' dir='ltr'><strong>fugiendi</strong></span> <span class='ocrx_word' id='word_1_9' title='bbox 563 331 634 368; x_wconf 86' lang='lat' dir='ltr'><strong>nora</strong></span> <span class='ocrx_word' id='word_1_10' title='bbox 644 324 701 368; x_wconf 76' lang='lat' dir='ltr'><strong>est:</strong></span> 
     </span>
    </p>

    <p class='ocr_par' dir='ltr' id='par_1_3' title="bbox 110 383 913 520">
     <span class='ocr_line' id='line_1_3' title="bbox 112 383 913 451; baseline -0.004 -16"><span class='ocrx_word' id='word_1_11' title='bbox 112 385 167 435; x_wconf 93' lang='lat' dir='ltr'><strong>Pro</strong></span> <span class='ocrx_word' id='word_1_12' title='bbox 178 390 206 436; x_wconf 85' lang='lat' dir='ltr'><strong>te</strong></span> <span class='ocrx_word' id='word_1_13' title='bbox 217 383 338 436; x_wconf 80' lang='lat' dir='ltr'>solebam</span> <span class='ocrx_word' id='word_1_14' title='bbox 349 385 453 451; x_wconf 75' lang='lat' dir='ltr'><strong>lugere.</strong></span> <span class='ocrx_word' id='word_1_15' title='bbox 489 385 624 447; x_wconf 83' lang='lat' dir='ltr'>Discedo,</span> <span class='ocrx_word' id='word_1_16' title='bbox 635 399 714 437; x_wconf 84' lang='lat' dir='ltr'><strong>exeo.</strong></span> <span class='ocrx_word' id='word_1_17' title='bbox 861 383 913 434; x_wconf 74' lang='lat'><strong>45⁰</strong></span> 
     </span>
     <span class='ocr_line' id='line_1_4' title="bbox 110 453 665 520; baseline 0 -16"><span class='ocrx_word' id='word_1_18' title='bbox 110 453 259 504; x_wconf 75' lang='lat' dir='ltr'><strong>Penatibus</strong></span> <span class='ocrx_word' id='word_1_19' title='bbox 270 453 415 519; x_wconf 79' lang='lat' dir='ltr'>profugere</span> <span class='ocrx_word' id='word_1_20' title='bbox 426 467 506 519; x_wconf 88' lang='lat' dir='ltr'><strong>quarn</strong></span> <span class='ocrx_word' id='word_1_21' title='bbox 517 455 592 520; x_wconf 80' lang='lat' dir='ltr'><strong>cogis</strong></span> <span class='ocrx_word' id='word_1_22' title='bbox 603 454 665 516; x_wconf 84' lang='lat' dir='ltr'><strong>tuis,</strong></span> 
     </span>
    </p>

    <p class='ocr_par' dir='ltr' id='par_1_4' title="bbox 111 518 796 760">
     <span class='ocr_line' id='line_1_5' title="bbox 111 518 763 588; baseline -0.002 -17"><span class='ocrx_word' id='word_1_23' title='bbox 111 521 150 571; x_wconf 85' lang='lat' dir='ltr'><strong>Ad</strong></span> <span class='ocrx_word' id='word_1_24' title='bbox 163 537 231 587; x_wconf 89' lang='lat' dir='ltr'><strong>quos</strong></span> <span class='ocrx_word' id='word_1_25' title='bbox 242 519 375 570; x_wconf 66' lang='lat' dir='ltr'><strong>remittis?</strong></span> <span class='ocrx_word' id='word_1_26' title='bbox 394 518 495 571; x_wconf 84' lang='lat' dir='ltr'><strong>Phasin</strong></span> <span class='ocrx_word' id='word_1_27' title='bbox 506 527 534 571; x_wconf 88' lang='lat' dir='ltr'><strong>et</strong></span> <span class='ocrx_word' id='word_1_28' title='bbox 545 520 662 572; x_wconf 84' lang='lat' dir='ltr'><strong>Colchos</strong></span> <span class='ocrx_word' id='word_1_29' title='bbox 671 525 763 588; x_wconf 88' lang='lat' dir='ltr'><strong>petam</strong></span> 
     </span>
     <span class='ocr_line' id='line_1_6' title="bbox 111 589 796 656; baseline -0.001 -17"><span class='ocrx_word' id='word_1_30' title='bbox 111 589 288 654; x_wconf 86' lang='lat' dir='ltr'><strong>Patriumque</strong></span> <span class='ocrx_word' id='word_1_31' title='bbox 299 603 425 655; x_wconf 81' lang='lat' dir='ltr'><strong>regnum,</strong></span> <span class='ocrx_word' id='word_1_32' title='bbox 437 604 559 656; x_wconf 87' lang='lat' dir='ltr'><strong>quaeque</strong></span> <span class='ocrx_word' id='word_1_33' title='bbox 571 589 707 640; x_wconf 80' lang='lat' dir='ltr'><strong>fraternus</strong></span> <span class='ocrx_word' id='word_1_34' title='bbox 719 601 796 639; x_wconf 83' lang='lat' dir='ltr'><strong>cruor</strong></span> 
     </span>
     <span class='ocr_line' id='line_1_7' title="bbox 112 655 693 760; baseline 0 -54"><span class='ocrx_word' id='word_1_35' title='bbox 112 655 237 706; x_wconf 78' lang='lat' dir='ltr'><strong>Perfudit</strong></span> <span class='ocrx_word' id='word_1_36' title='bbox 248 655 329 706; x_wconf 78' lang='lat' dir='ltr'><strong>arval</strong></span> <span class='ocrx_word' id='word_1_37' title='bbox 345 658 425 718; x_wconf 63' lang='lat' dir='ltr'><strong>Quas</strong></span> <span class='ocrx_word' id='word_1_38' title='bbox 435 659 491 760; x_wconf 74' lang='lat' dir='ltr'><strong>peti</strong></span> <span class='ocrx_word' id='word_1_39' title='bbox 501 664 589 710; x_wconf 88' lang='lat' dir='ltr'><strong>terras</strong></span> <span class='ocrx_word' id='word_1_40' title='bbox 599 656 693 708; x_wconf 73' lang='lat' dir='ltr'><strong>iubeat</strong></span> 
     </span>
    </p>

    <p class='ocr_par' dir='ltr' id='par_1_5' title="bbox 114 724 816 787">
     <span class='ocr_line' id='line_1_8' title="bbox 114 724 816 787; baseline 0.004 -14"><span class='ocrx_word' id='word_1_41' title='bbox 114 725 190 784; x_wconf 77' lang='lat' dir='ltr'><strong>Quae</strong></span> <span class='ocrx_word' id='word_1_42' title='bbox 201 725 287 774; x_wconf 84' lang='lat' dir='ltr'><strong>maria</strong></span> <span class='ocrx_word' id='word_1_43' title='bbox 297 731 446 776; x_wconf 78' lang='lat' dir='ltr'><strong>monstras.</strong></span> <span class='ocrx_word' id='word_1_44' title='bbox 469 725 576 776; x_wconf 87' lang='lat' dir='ltr'><strong>Pontici</strong></span> <span class='ocrx_word' id='word_1_45' title='bbox 586 725 681 776; x_wconf 82' lang='lat' dir='ltr'>fauces</span> <span class='ocrx_word' id='word_1_46' title='bbox 691 724 764 787; x_wconf 79' lang='lat' dir='ltr'><strong>freti,</strong></span> <span class='ocrx_word' id='word_1_47' title='bbox 811 743 816 752; x_wconf 82' lang='lat'><em>·</em></span> 
     </span>
    </p>
   </div>
   <div class='ocr_carea' id='block_1_3' title="bbox 112 793 805 1201">
    <p class='ocr_par' dir='ltr' id='par_1_6' title="bbox 112 793 805 1063">
     <span class='ocr_line' id='line_1_9' title="bbox 112 793 680 860; baseline 0.004 -18"><span class='ocrx_word' id='word_1_48' title='bbox 112 793 168 842; x_wconf 89' lang='lat' dir='ltr'><strong>Per</strong></span> <span class='ocrx_word' id='word_1_49' title='bbox 179 805 245 858; x_wconf 87' lang='lat' dir='ltr'><strong>quas</strong></span> <span class='ocrx_word' id='word_1_50' title='bbox 256 794 347 842; x_wconf 80' lang='lat' dir='ltr'><strong>revexi</strong></span> <span class='ocrx_word' id='word_1_51' title='bbox 357 793 461 844; x_wconf 88' lang='lat' dir='ltr'><strong>nobiles</strong></span> <span class='ocrx_word' id='word_1_52' title='bbox 472 808 566 860; x_wconf 85' lang='lat' dir='ltr'><strong>regum</strong></span> <span class='ocrx_word' id='word_1_53' title='bbox 576 809 680 855; x_wconf 86' lang='lat' dir='ltr'><strong>manus,</strong></span> 
     </span>
     <span class='ocr_line' id='line_1_10' title="bbox 112 859 659 928; baseline 0 -18"><span class='ocrx_word' id='word_1_54' title='bbox 112 859 270 910; x_wconf 80' lang='lat' dir='ltr'><strong>Adulterum</strong></span> <span class='ocrx_word' id='word_1_55' title='bbox 281 866 376 910; x_wconf 88' lang='lat' dir='ltr'><strong>secuta</strong></span> <span class='ocrx_word' id='word_1_56' title='bbox 385 877 434 926; x_wconf 88' lang='lat' dir='ltr'><strong>per</strong></span> <span class='ocrx_word' id='word_1_57' title='bbox 445 860 659 928; x_wconf 80' lang='lat' dir='ltr'><strong>Symplegadasl</strong></span> 
     </span>
     <span class='ocr_line' id='line_1_11' title="bbox 112 927 805 994; baseline 0.001 -15"><span class='ocrx_word' id='word_1_58' title='bbox 112 929 264 979; x_wconf 84' lang='lat' dir='ltr'><strong>Parramne</strong></span> <span class='ocrx_word' id='word_1_59' title='bbox 276 927 381 990; x_wconf 80' lang='lat' dir='ltr'><strong>Iolcon,</strong></span> <span class='ocrx_word' id='word_1_60' title='bbox 393 927 526 979; x_wconf 85' lang='lat' dir='ltr'><strong>Thessala</strong></span> <span class='ocrx_word' id='word_1_61' title='bbox 537 943 569 978; x_wconf 84' lang='lat' dir='ltr'><strong>an</strong></span> <span class='ocrx_word' id='word_1_62' title='bbox 581 931 686 994; x_wconf 83' lang='lat' dir='ltr'><strong>Tempe</strong></span> <span class='ocrx_word' id='word_1_63' title='bbox 697 929 805 994; x_wconf 73' lang='lat' dir='ltr'><strong>petaml</strong></span> 
     </span>
     <span class='ocr_line' id='line_1_12' title="bbox 115 996 706 1063; baseline 0.003 -17"><span class='ocrx_word' id='word_1_64' title='bbox 115 996 297 1062; x_wconf 67' lang='lat' dir='ltr'><strong>quascunque</strong></span> <span class='ocrx_word' id='word_1_65' title='bbox 308 998 400 1063; x_wconf 86' lang='lat' dir='ltr'><strong>aperui</strong></span> <span class='ocrx_word' id='word_1_66' title='bbox 412 997 461 1046; x_wconf 86' lang='lat' dir='ltr'><strong>tibi</strong></span> <span class='ocrx_word' id='word_1_67' title='bbox 471 999 542 1058; x_wconf 82' lang='lat' dir='ltr'><strong>rias,</strong></span> <span class='ocrx_word' id='word_1_68' title='bbox 555 997 622 1048; x_wconf 90' lang='lat' dir='ltr'><strong>clusi</strong></span> <span class='ocrx_word' id='word_1_69' title='bbox 632 996 706 1048; x_wconf 82' lang='lat' dir='ltr'><strong>milri.</strong></span> 
     </span>
    </p>

    <p class='ocr_par' dir='ltr' id='par_1_7' title="bbox 115 1064 732 1132">
     <span class='ocr_line' id='line_1_13' title="bbox 115 1064 732 1132; baseline 0.005 -18"><span class='ocrx_word' id='word_1_70' title='bbox 115 1065 176 1125; x_wconf 77' lang='lat' dir='ltr'><strong>Quo</strong></span> <span class='ocrx_word' id='word_1_71' title='bbox 188 1077 231 1113; x_wconf 89' lang='lat' dir='ltr'><strong>me</strong></span> <span class='ocrx_word' id='word_1_72' title='bbox 242 1064 374 1115; x_wconf 74' lang='lat' dir='ltr'><strong>remittist</strong></span> <span class='ocrx_word' id='word_1_73' title='bbox 396 1065 476 1115; x_wconf 79' lang='lat' dir='ltr'><strong>Eruli</strong></span> <span class='ocrx_word' id='word_1_74' title='bbox 486 1065 594 1115; x_wconf 84' lang='lat' dir='ltr'><strong>exilium</strong></span> <span class='ocrx_word' id='word_1_75' title='bbox 605 1067 732 1132; x_wconf 85' lang='lat' dir='ltr'><strong>imperas,</strong></span> 
     </span>
    </p>

    <p class='ocr_par' dir='ltr' id='par_1_8' title="bbox 114 1131 702 1201">
     <span class='ocr_line' id='line_1_14' title="bbox 114 1131 702 1201; baseline 0.002 -18"><span class='ocrx_word' id='word_1_76' title='bbox 114 1131 173 1183; x_wconf 90' lang='lat' dir='ltr'><strong>Nec</strong></span> <span class='ocrx_word' id='word_1_77' title='bbox 184 1132 241 1182; x_wconf 85' lang='lat' dir='ltr'><strong>das.</strong></span> <span class='ocrx_word' id='word_1_78' title='bbox 278 1134 371 1182; x_wconf 87' lang='lat' dir='ltr'><strong>Eatur.</strong></span> <span class='ocrx_word' id='word_1_79' title='bbox 389 1134 506 1201; x_wconf 72' lang='lat' dir='ltr'><strong>*Regius</strong></span> <span class='ocrx_word' id='word_1_80' title='bbox 516 1135 596 1184; x_wconf 87' lang='lat' dir='ltr'><strong>iussit</strong></span> <span class='ocrx_word' id='word_1_81' title='bbox 605 1149 702 1201; x_wconf 81' lang='lat' dir='ltr'><strong>gener:</strong></span> 
     </span>
    </p>
   </div>
   <div class='ocr_carea' id='block_1_4' title="bbox 113 1199 916 2768">
    <p class='ocr_par' dir='ltr' id='par_1_9' title="bbox 114 1199 663 1270">
     <span class='ocr_line' id='line_1_15' title="bbox 114 1199 663 1270; baseline 0.004 -20"><span class='ocrx_word' id='word_1_82' title='bbox 114 1199 187 1251; x_wconf 90' lang='lat' dir='ltr'><strong>Nihil</strong></span> <span class='ocrx_word' id='word_1_83' title='bbox 197 1215 304 1252; x_wconf 80' lang='lat' dir='ltr'><strong>recuso.</strong></span> <span class='ocrx_word' id='word_1_84' title='bbox 339 1201 406 1252; x_wconf 87' lang='lat' dir='ltr'><strong>Dira</strong></span> <span class='ocrx_word' id='word_1_85' title='bbox 417 1203 548 1268; x_wconf 87' lang='lat' dir='ltr'><strong>supplicia</strong></span> <span class='ocrx_word' id='word_1_86' title='bbox 557 1205 663 1270; x_wconf 84' lang='lat' dir='ltr'><strong>ingere:</strong></span> 
     </span>
    </p>

    <p class='ocr_par' dir='ltr' id='par_1_10' title="bbox 113 1269 745 1880">
     <span class='ocr_line' id='line_1_16' title="bbox 113 1269 728 1338; baseline 0 -18"><span class='ocrx_word' id='word_1_87' title='bbox 113 1269 212 1320; x_wconf 89' lang='lat' dir='ltr'><strong>Merui.</strong></span> <span class='ocrx_word' id='word_1_88' title='bbox 249 1271 372 1320; x_wconf 81' lang='lat' dir='ltr'><strong>cruentis</strong></span> <span class='ocrx_word' id='word_1_89' title='bbox 383 1271 505 1335; x_wconf 88' lang='lat' dir='ltr'><strong>pellicem</strong></span> <span class='ocrx_word' id='word_1_90' title='bbox 516 1271 610 1336; x_wconf 85' lang='lat' dir='ltr'><strong>poenis</strong></span> <span class='ocrx_word' id='word_1_91' title='bbox 622 1276 728 1338; x_wconf 88' lang='lat' dir='ltr'><strong>premat</strong></span> 
     </span>
     <span class='ocr_line' id='line_1_17' title="bbox 114 1337 630 1404; baseline 0.004 -17"><span class='ocrx_word' id='word_1_92' title='bbox 114 1337 223 1404; x_wconf 79' lang='lat' dir='ltr'><strong>Regalis</strong></span> <span class='ocrx_word' id='word_1_93' title='bbox 233 1339 287 1399; x_wconf 89' lang='lat' dir='ltr'><strong>ira,</strong></span> <span class='ocrx_word' id='word_1_94' title='bbox 298 1339 408 1388; x_wconf 86' lang='lat' dir='ltr'><strong>vinculis</strong></span> <span class='ocrx_word' id='word_1_95' title='bbox 420 1345 516 1389; x_wconf 87' lang='lat' dir='ltr'><strong>oneret</strong></span> <span class='ocrx_word' id='word_1_96' title='bbox 525 1355 630 1400; x_wconf 87' lang='lat' dir='ltr'><strong>manus,</strong></span> 
     </span>
     <span class='ocr_line' id='line_1_18' title="bbox 115 1405 714 1473; baseline 0 -18"><span class='ocrx_word' id='word_1_97' title='bbox 115 1405 275 1473; x_wconf 82' lang='lat' dir='ltr'><strong>Clusamquc</strong></span> <span class='ocrx_word' id='word_1_98' title='bbox 286 1421 353 1456; x_wconf 86' lang='lat' dir='ltr'><strong>saxo</strong></span> <span class='ocrx_word' id='word_1_99' title='bbox 364 1409 451 1456; x_wconf 84' lang='lat' dir='ltr'><strong>noctis</strong></span> <span class='ocrx_word' id='word_1_100' title='bbox 463 1413 591 1457; x_wconf 87' lang='lat' dir='ltr'><strong>aeternae</strong></span> <span class='ocrx_word' id='word_1_101' title='bbox 602 1409 714 1458; x_wconf 81' lang='lat' dir='ltr'><strong>obruat=</strong></span> 
     </span>
     <span class='ocr_line' id='line_1_19' title="bbox 114 1473 745 1540; baseline 0 -18"><span class='ocrx_word' id='word_1_102' title='bbox 114 1473 224 1524; x_wconf 88' lang='lat' dir='ltr'><strong>Minora</strong></span> <span class='ocrx_word' id='word_1_103' title='bbox 233 1475 337 1525; x_wconf 85' lang='lat' dir='ltr'><strong>meritis</strong></span> <span class='ocrx_word' id='word_1_104' title='bbox 347 1477 444 1540; x_wconf 88' lang='lat' dir='ltr'><strong>patiar.</strong></span> <span class='ocrx_word' id='word_1_105' title='bbox 455 1503 487 1512; x_wconf 90' lang='lat'>-</span> <span class='ocrx_word' id='word_1_106' title='bbox 500 1475 640 1540; x_wconf 87' lang='lat' dir='ltr'><strong>Ingratum</strong></span> <span class='ocrx_word' id='word_1_107' title='bbox 652 1473 745 1540; x_wconf 88' lang='lat' dir='ltr'><strong>caput!</strong></span> 
     </span>
     <span class='ocr_line' id='line_1_20' title="bbox 116 1541 669 1609; baseline 0 -17"><span class='ocrx_word' id='word_1_108' title='bbox 116 1542 248 1593; x_wconf 81' lang='lat' dir='ltr'><strong>Revolvat</strong></span> <span class='ocrx_word' id='word_1_109' title='bbox 259 1543 363 1593; x_wconf 87' lang='lat' dir='ltr'><strong>animus</strong></span> <span class='ocrx_word' id='word_1_110' title='bbox 371 1543 466 1609; x_wconf 83' lang='lat' dir='ltr'><strong>igneos</strong></span> <span class='ocrx_word' id='word_1_111' title='bbox 478 1544 549 1592; x_wconf 87' lang='lat' dir='ltr'><strong>tauri</strong></span> <span class='ocrx_word' id='word_1_112' title='bbox 561 1541 669 1604; x_wconf 84' lang='lat' dir='ltr'><strong>halitus,</strong></span> 
     </span>
     <span class='ocr_line' id='line_1_21' title="bbox 114 1610 705 1678; baseline 0 -18"><span class='ocrx_word' id='word_1_113' title='bbox 114 1611 242 1676; x_wconf 83' lang='lat' dir='ltr'><strong>Interque</strong></span> <span class='ocrx_word' id='word_1_114' title='bbox 253 1623 349 1661; x_wconf 85' lang='lat' dir='ltr'><strong>saevos</strong></span> <span class='ocrx_word' id='word_1_115' title='bbox 359 1613 447 1678; x_wconf 87' lang='lat' dir='ltr'><strong>gentis</strong></span> <span class='ocrx_word' id='word_1_116' title='bbox 457 1610 605 1663; x_wconf 80' lang='lat' dir='ltr'><strong>indomitae</strong></span> <span class='ocrx_word' id='word_1_117' title='bbox 616 1616 705 1661; x_wconf 87' lang='lat' dir='ltr'><strong>metus</strong></span> 
     </span>
     <span class='ocr_line' id='line_1_22' title="bbox 113 1677 742 1743; baseline 0 -15"><span class='ocrx_word' id='word_1_118' title='bbox 113 1677 247 1730; x_wconf 80' lang='lat' dir='ltr'><strong>Armifero</strong></span> <span class='ocrx_word' id='word_1_119' title='bbox 257 1679 285 1728; x_wconf 89' lang='lat' dir='ltr'><strong>in</strong></span> <span class='ocrx_word' id='word_1_120' title='bbox 297 1694 362 1729; x_wconf 82' lang='lat' dir='ltr'><strong>arvo</strong></span> <span class='ocrx_word' id='word_1_121' title='bbox 372 1679 525 1729; x_wconf 87' lang='lat' dir='ltr'><strong>flammeum</strong></span> <span class='ocrx_word' id='word_1_122' title='bbox 537 1681 638 1729; x_wconf 82' lang='lat' dir='ltr'><strong>Aeetae</strong></span> <span class='ocrx_word' id='word_1_123' title='bbox 648 1693 742 1743; x_wconf 89' lang='lat' dir='ltr'><strong>pecus,</strong></span> 
     </span>
     <span class='ocr_line' id='line_1_23' title="bbox 114 1747 663 1812; baseline 0 -14"><span class='ocrx_word' id='word_1_124' title='bbox 114 1747 265 1812; x_wconf 76' lang='lat' dir='ltr'><strong>Hostiaque</strong></span> <span class='ocrx_word' id='word_1_125' title='bbox 276 1747 357 1796; x_wconf 86' lang='lat' dir='ltr'><strong>subiti</strong></span> <span class='ocrx_word' id='word_1_126' title='bbox 367 1747 435 1796; x_wconf 91' lang='lat' dir='ltr'><strong>tela:</strong></span> <span class='ocrx_word' id='word_1_127' title='bbox 447 1762 507 1796; x_wconf 92' lang='lat' dir='ltr'><strong>cum</strong></span> <span class='ocrx_word' id='word_1_128' title='bbox 516 1748 591 1796; x_wconf 79' lang='lat' dir='ltr'><strong>iussu</strong></span> <span class='ocrx_word' id='word_1_129' title='bbox 600 1762 663 1798; x_wconf 89' lang='lat' dir='ltr'><strong>meo</strong></span> 
     </span>
     <span class='ocr_line' id='line_1_24' title="bbox 116 1814 676 1880; baseline -0.004 -16"><span class='ocrx_word' id='word_1_130' title='bbox 116 1815 268 1880; x_wconf 85' lang='lat' dir='ltr'><strong>Terrigena</strong></span> <span class='ocrx_word' id='word_1_131' title='bbox 277 1815 354 1864; x_wconf 87' lang='lat' dir='ltr'><strong>miles</strong></span> <span class='ocrx_word' id='word_1_132' title='bbox 364 1819 459 1862; x_wconf 90' lang='lat' dir='ltr'><strong>mutua</strong></span> <span class='ocrx_word' id='word_1_133' title='bbox 471 1814 553 1863; x_wconf 85' lang='lat' dir='ltr'><strong>caede</strong></span> <span class='ocrx_word' id='word_1_134' title='bbox 566 1815 676 1864; x_wconf 83' lang='lat' dir='ltr'><strong>occidit.</strong></span> 
     </span>
    </p>

    <p class='ocr_par' dir='ltr' id='par_1_11' title="bbox 114 1879 916 2276">
     <span class='ocr_line' id='line_1_25' title="bbox 115 1879 662 1947; baseline 0 -15"><span class='ocrx_word' id='word_1_135' title='bbox 115 1881 198 1932; x_wconf 84' lang='lat' dir='ltr'><strong>Adice</strong></span> <span class='ocrx_word' id='word_1_136' title='bbox 210 1883 331 1947; x_wconf 80' lang='lat' dir='ltr'><strong>expetita</strong></span> <span class='ocrx_word' id='word_1_137' title='bbox 340 1881 427 1946; x_wconf 88' lang='lat' dir='ltr'><strong>spolia</strong></span> <span class='ocrx_word' id='word_1_138' title='bbox 438 1879 548 1930; x_wconf 83' lang='lat' dir='ltr'><strong>Phrixei</strong></span> <span class='ocrx_word' id='word_1_139' title='bbox 560 1883 662 1944; x_wconf 83' lang='lat' dir='ltr'><strong>arietis,</strong></span> 
     </span>
     <span class='ocr_line' id='line_1_26' title="bbox 116 1949 676 2016; baseline -0.002 -15"><span class='ocrx_word' id='word_1_140' title='bbox 116 1949 272 2016; x_wconf 91' lang='lat' dir='ltr'><strong>Somnoque</strong></span> <span class='ocrx_word' id='word_1_141' title='bbox 282 1951 384 2000; x_wconf 88' lang='lat' dir='ltr'><strong>iussum</strong></span> <span class='ocrx_word' id='word_1_142' title='bbox 394 1949 494 1998; x_wconf 87' lang='lat' dir='ltr'><strong>lumina</strong></span> <span class='ocrx_word' id='word_1_143' title='bbox 503 1951 597 2016; x_wconf 84' lang='lat' dir='ltr'><strong>ignoto</strong></span> <span class='ocrx_word' id='word_1_144' title='bbox 609 1950 676 2000; x_wconf 87' lang='lat' dir='ltr'><strong>dare</strong></span> 
     </span>
     <span class='ocr_line' id='line_1_27' title="bbox 114 2017 762 2080; baseline -0.002 -11"><span class='ocrx_word' id='word_1_145' title='bbox 114 2019 241 2069; x_wconf 85' lang='lat' dir='ltr'><strong>Insomne</strong></span> <span class='ocrx_word' id='word_1_146' title='bbox 251 2024 414 2080; x_wconf 83' lang='lat' dir='ltr'><strong>monstrum3</strong></span> <span class='ocrx_word' id='word_1_147' title='bbox 426 2018 555 2068; x_wconf 83' lang='lat' dir='ltr'><strong>traditum</strong></span> <span class='ocrx_word' id='word_1_148' title='bbox 566 2017 681 2070; x_wconf 81' lang='lat' dir='ltr'><strong>fratrem</strong></span> <span class='ocrx_word' id='word_1_149' title='bbox 692 2019 762 2079; x_wconf 86' lang='lat' dir='ltr'><strong>neci,</strong></span> 
     </span>
     <span class='ocr_line' id='line_1_28' title="bbox 115 2087 916 2150; baseline 0.002 -14"><span class='ocrx_word' id='word_1_150' title='bbox 115 2087 153 2136; x_wconf 79' lang='lat' dir='ltr'><strong>Et</strong></span> <span class='ocrx_word' id='word_1_151' title='bbox 164 2087 268 2137; x_wconf 87' lang='lat' dir='ltr'><strong>scelere</strong></span> <span class='ocrx_word' id='word_1_152' title='bbox 278 2087 305 2135; x_wconf 88' lang='lat' dir='ltr'><strong>in</strong></span> <span class='ocrx_word' id='word_1_153' title='bbox 315 2101 370 2136; x_wconf 92' lang='lat' dir='ltr'><strong>uno</strong></span> <span class='ocrx_word' id='word_1_154' title='bbox 381 2087 435 2135; x_wconf 87' lang='lat' dir='ltr'><strong>non</strong></span> <span class='ocrx_word' id='word_1_155' title='bbox 447 2087 531 2136; x_wconf 87' lang='lat' dir='ltr'><strong>semel</strong></span> <span class='ocrx_word' id='word_1_156' title='bbox 541 2087 646 2137; x_wconf 86' lang='lat' dir='ltr'><strong>lactum</strong></span> <span class='ocrx_word' id='word_1_157' title='bbox 657 2087 759 2150; x_wconf 84' lang='lat' dir='ltr'><strong>scelus3</strong></span> <span class='ocrx_word' id='word_1_158' title='bbox 865 2087 916 2138; x_wconf 69' lang='lat'><strong>475</strong></span> 
     </span>
     <span class='ocr_line' id='line_1_29' title="bbox 114 2154 688 2226; baseline -0.002 -20"><span class='ocrx_word' id='word_1_159' title='bbox 114 2156 259 2221; x_wconf 77' lang='lat' dir='ltr'><strong>lassosque</strong></span> <span class='ocrx_word' id='word_1_160' title='bbox 269 2160 360 2217; x_wconf 88' lang='lat' dir='ltr'><strong>natas,</strong></span> <span class='ocrx_word' id='word_1_161' title='bbox 372 2154 606 2226; x_wconf 86' lang='lat' dir='ltr'><strong>fraude-deceptas</strong></span> <span class='ocrx_word' id='word_1_162' title='bbox 617 2170 688 2217; x_wconf 79' lang='lat' dir='ltr'><strong>inea,</strong></span> 
     </span>
     <span class='ocr_line' id='line_1_30' title="bbox 115 2223 642 2276; baseline 0.004 -2"><span class='ocrx_word' id='word_1_163' title='bbox 115 2223 216 2274; x_wconf 89' lang='lat' dir='ltr'><strong>Secare</strong></span> <span class='ocrx_word' id='word_1_164' title='bbox 226 2224 347 2274; x_wconf 87' lang='lat' dir='ltr'><strong>membra</strong></span> <span class='ocrx_word' id='word_1_165' title='bbox 357 2238 411 2274; x_wconf 89' lang='lat' dir='ltr'><strong>non</strong></span> <span class='ocrx_word' id='word_1_166' title='bbox 421 2224 547 2274; x_wconf 82' lang='lat' dir='ltr'><strong>revicturi</strong></span> <span class='ocrx_word' id='word_1_167' title='bbox 560 2227 642 2276; x_wconf 85' lang='lat' dir='ltr'><strong>senis.</strong></span> 
     </span>
    </p>

    <p class='ocr_par' dir='ltr' id='par_1_12' title="bbox 115 2292 659 2359">
     <span class='ocr_line' id='line_1_31' title="bbox 115 2292 659 2359; baseline 0.004 -17"><span class='ocrx_word' id='word_1_168' title='bbox 115 2292 208 2342; x_wconf 83' lang='lat' dir='ltr'><strong>Aliena</strong></span> <span class='ocrx_word' id='word_1_169' title='bbox 219 2307 351 2358; x_wconf 86' lang='lat' dir='ltr'><strong>quaerens</strong></span> <span class='ocrx_word' id='word_1_170' title='bbox 361 2307 457 2359; x_wconf 83' lang='lat' dir='ltr'><strong>regna,</strong></span> <span class='ocrx_word' id='word_1_171' title='bbox 470 2293 576 2343; x_wconf 87' lang='lat' dir='ltr'><strong>deserui</strong></span> <span class='ocrx_word' id='word_1_172' title='bbox 588 2307 659 2344; x_wconf 79' lang='lat' dir='ltr'><strong>mea.</strong></span> 
     </span>
    </p>

    <p class='ocr_par' dir='ltr' id='par_1_13' title="bbox 115 2359 791 2700">
     <span class='ocr_line' id='line_1_32' title="bbox 115 2359 745 2426; baseline 0.005 -16"><span class='ocrx_word' id='word_1_173' title='bbox 115 2359 169 2411; x_wconf 84' lang='lat' dir='ltr'><strong>Per</strong></span> <span class='ocrx_word' id='word_1_174' title='bbox 180 2377 241 2426; x_wconf 86' lang='lat' dir='ltr'><strong>spes</strong></span> <span class='ocrx_word' id='word_1_175' title='bbox 251 2367 360 2412; x_wconf 91' lang='lat' dir='ltr'><strong>tuorum</strong></span> <span class='ocrx_word' id='word_1_176' title='bbox 370 2361 484 2412; x_wconf 93' lang='lat' dir='ltr'><strong>liberum</strong></span> <span class='ocrx_word' id='word_1_177' title='bbox 496 2363 636 2412; x_wconf 86' lang='lat' dir='ltr'><strong>etcertum</strong></span> <span class='ocrx_word' id='word_1_178' title='bbox 648 2363 745 2424; x_wconf 86' lang='lat' dir='ltr'><strong>larem,</strong></span> 
     </span>
     <span class='ocr_line' id='line_1_33' title="bbox 115 2427 786 2496; baseline 0.004 -19"><span class='ocrx_word' id='word_1_179' title='bbox 115 2427 171 2478; x_wconf 86' lang='lat' dir='ltr'><strong>Per</strong></span> <span class='ocrx_word' id='word_1_180' title='bbox 179 2431 252 2478; x_wconf 81' lang='lat' dir='ltr'><strong>victa</strong></span> <span class='ocrx_word' id='word_1_181' title='bbox 262 2435 396 2492; x_wconf 87' lang='lat' dir='ltr'><strong>monstra,</strong></span> <span class='ocrx_word' id='word_1_182' title='bbox 407 2430 456 2496; x_wconf 78' lang='lat' dir='ltr'><strong>pei</strong></span> <span class='ocrx_word' id='word_1_183' title='bbox 466 2445 575 2492; x_wconf 86' lang='lat' dir='ltr'><strong>manus,</strong></span> <span class='ocrx_word' id='word_1_184' title='bbox 588 2433 679 2496; x_wconf 88' lang='lat' dir='ltr'><strong>prote</strong></span> <span class='ocrx_word' id='word_1_185' title='bbox 691 2431 786 2496; x_wconf 89' lang='lat' dir='ltr'><strong>quibus</strong></span> 
     </span>
     <span class='ocr_line' id='line_1_34' title="bbox 116 2496 791 2564; baseline 0.004 -19"><span class='ocrx_word' id='word_1_186' title='bbox 116 2496 260 2563; x_wconf 82' lang='lat' dir='ltr'><strong>Nunquam</strong></span> <span class='ocrx_word' id='word_1_187' title='bbox 271 2500 394 2562; x_wconf 76' lang='lat' dir='ltr'><strong>peperci,</strong></span> <span class='ocrx_word' id='word_1_188' title='bbox 405 2513 507 2564; x_wconf 88' lang='lat' dir='ltr'><strong>perque</strong></span> <span class='ocrx_word' id='word_1_189' title='bbox 518 2501 683 2562; x_wconf 72' lang='lat' dir='ltr'><strong>praeteritos</strong></span> <span class='ocrx_word' id='word_1_190' title='bbox 694 2503 791 2557; x_wconf 82' lang='lat' dir='ltr'><strong>metus,</strong></span> 
     </span>
     <span class='ocr_line' id='line_1_35' title="bbox 115 2563 722 2631; baseline 0.002 -17"><span class='ocrx_word' id='word_1_191' title='bbox 115 2563 170 2614; x_wconf 92' lang='lat' dir='ltr'><strong>Per</strong></span> <span class='ocrx_word' id='word_1_192' title='bbox 180 2565 284 2615; x_wconf 89' lang='lat' dir='ltr'><strong>coelum</strong></span> <span class='ocrx_word' id='word_1_193' title='bbox 295 2573 323 2616; x_wconf 84' lang='lat' dir='ltr'><strong>ct</strong></span> <span class='ocrx_word' id='word_1_194' title='bbox 333 2566 431 2627; x_wconf 84' lang='lat' dir='ltr'><strong>undas,</strong></span> <span class='ocrx_word' id='word_1_195' title='bbox 443 2567 551 2631; x_wconf 83' lang='lat' dir='ltr'><strong>coniugi</strong></span> <span class='ocrx_word' id='word_1_196' title='bbox 562 2573 647 2618; x_wconf 84' lang='lat' dir='ltr'><strong>testes</strong></span> <span class='ocrx_word' id='word_1_197' title='bbox 657 2568 722 2626; x_wconf 87' lang='lat' dir='ltr'><strong>mei,</strong></span> 
     </span>
     <span class='ocr_line' id='line_1_36' title="bbox 115 2632 649 2700; baseline 0.002 -17"><span class='ocrx_word' id='word_1_198' title='bbox 115 2632 260 2684; x_wconf 83' lang='lat' dir='ltr'><strong>Miserere!</strong></span> <span class='ocrx_word' id='word_1_199' title='bbox 271 2633 354 2684; x_wconf 88' lang='lat' dir='ltr'><strong>redde</strong></span> <span class='ocrx_word' id='word_1_200' title='bbox 365 2635 478 2700; x_wconf 89' lang='lat' dir='ltr'><strong>supplici</strong></span> <span class='ocrx_word' id='word_1_201' title='bbox 488 2633 553 2684; x_wconf 81' lang='lat' dir='ltr'><strong>felix</strong></span> <span class='ocrx_word' id='word_1_202' title='bbox 563 2635 649 2684; x_wconf 83' lang='lat' dir='ltr'><strong>vicem</strong></span> 
     </span>
    </p>

    <p class='ocr_par' dir='ltr' id='par_1_14' title="bbox 117 2699 763 2768">
     <span class='ocr_line' id='line_1_37' title="bbox 117 2699 763 2768; baseline 0.005 -18"><span class='ocrx_word' id='word_1_203' title='bbox 117 2701 159 2750; x_wconf 81' lang='lat' dir='ltr'><strong>Ex</strong></span> <span class='ocrx_word' id='word_1_204' title='bbox 169 2701 265 2766; x_wconf 83' lang='lat' dir='ltr'><strong>opibus</strong></span> <span class='ocrx_word' id='word_1_205' title='bbox 275 2701 340 2764; x_wconf 87' lang='lat' dir='ltr'><strong>illis,</strong></span> <span class='ocrx_word' id='word_1_206' title='bbox 352 2717 418 2768; x_wconf 85' lang='lat' dir='ltr'><strong>quas</strong></span> <span class='ocrx_word' id='word_1_207' title='bbox 429 2702 524 2768; x_wconf 91' lang='lat' dir='ltr'><strong>procul</strong></span> <span class='ocrx_word' id='word_1_208' title='bbox 535 2707 628 2768; x_wconf 80' lang='lat' dir='ltr'><strong>raptas</strong></span> <span class='ocrx_word' id='word_1_209' title='bbox 638 2699 763 2766; x_wconf 83' lang='lat' dir='ltr'><strong>Scythae</strong></span> 
     </span>
    </p>
   </div>
   <div class='ocr_carea' id='block_1_5' title="bbox 0 0 1144 3086">
    <p class='ocr_par' dir='ltr' id='par_1_15' title="bbox 0 0 1144 3086">
     <span class='ocr_line' id='line_1_38' title="bbox 0 0 1144 3086; baseline 0 0"><span class='ocrx_word' id='word_1_210' title='bbox 0 0 1144 3086; x_wconf 95' lang='lat' dir='ltr'><strong> </strong></span> 
     </span>
    </p>
   </div>
  </div>
 </body>
</html>
