2274 3086
320 209 475 260 Manlia.
511 211 602 260 ACT.
620 211 668 263 lv.

105 313 229 364 Concidit
241 313 364 379 Mopsus,
377 313 516 378 caruitque
528 309 639 362 Thebis.

105 385 151 435 llle
163 385 185 432 si
197 398 258 432 vere
271 383 370 432 cecinit
380 379 485 429 lutura:

101 451 175 502 Exul
186 452 287 502 errabit
298 449 423 498 'l'hetidis
435 449 561 511 maritus'3

104 521 170 586 Igne
181 519 271 569 fallaci
283 520 422 567 nociturus
433 519 509 584 Argis

105 589 236 654 Nauplius
248 601 379 652 praeceps
392 587 472 636 cadet
481 587 508 634 in
521 583 698 650 profundum

105 657 254 722 Patrioque
266 655 366 720 pendet
378 655 488 704 crinune
499 669 602 720 poenas

105 725 230 777 Fulmina
243 730 271 772 et
283 730 365 788 panto
378 725 496 773 promens
508 723 609 772 Oileus.

107 793 234 858 Coniugis
245 791 330 841 iatum
341 793 477 842 redimens
489 789 614 852 Pheraei,

84 881 86 885 ·
107 863 196 922 Uxor,
207 861 346 926 impendes
358 862 474 909 animam
485 857 596 908 marito!

104 931 182 996 lpse,
194 931 238 995 qui
251 929 379 994 praedam
390 929 560 996 spoliumque
570 927 650 978 iussit

104 1000 222 1048 Aureum
234 999 319 1062 prima
329 995 420 1047 revehi
432 998 532 1057 carina,

105 1068 188 1118 Ustus
203 1081 319 1116 accenso
330 1066 419 1116 Pelias
431 1063 519 1116 aheno

105 1137 178 1186 Arsit
189 1141 319 1202 angustas
330 1151 414 1200 vagus
424 1135 495 1184 inter
507 1133 593 1183 undas

105 1205 163 1255 lam
174 1206 253 1268 satis,
264 1205 331 1267 divi,
342 1219 416 1254 mare
427 1203 598 1254 vindicastiss

517 1271 627 1322 Parcite
638 1269 726 1322 iussol

413 1413 619 1429 m

272 1567 442 1632 ACTUS
481 1561 749 1642 QUARTUS.

411 1736 442 1780 Ν
452 1734 606 1784 ΠΤΜΧ.

165 1835 224 1885 auid
232 1840 291 1892 agat
298 1833 392 1884 Medea,
401 1833 543 1892 quidparct‚
553 1837 640 1875 narrat
647 1829 744 1875 Nutrix.

107 1928 209 2012 Paret
220 1961 338 2022 animus,
348 1957 455 2022 horret3
467 1973 566 2025 magna
575 1957 709 2026 pernicies
721 1955 806 2008 adest.

107 2031 229 2082 lmmane
242 2034 371 2096 quantum
382 2028 505 2095 augescit
517 2033 545 2077 et
555 2032 642 2080 semet
653 2025 732 2077 dolor

107 2099 239 2150 Accendit
249 2099 322 2164 ipse,
332 2098 438 2168 vimque
451 2098 627 2162 praeteritam
636 2097 764 2164 integrat.

108 2168 171 2221 Vidi
181 2167 317 2218 furentem
328 2172 463 2240 saepepet
475 2161 632 2232 adgressam
643 2165 710 2216 deos

110 2237 221 2288 Caelum
232 2235 399 2300 trahentem
412 2237 499 2286 maius
509 2233 565 2298 his,
576 2235 663 2285 maius
675 2239 754 2302 parat
859 2232 909 2285 tu
983 2259 987 2282 t

107 2305 209 2358 Medea
219 2311 378 2356 monstrum.
413 2305 537 2371 Namque
548 2310 578 2356 ut
589 2305 707 2354 attonito
719 2303 806 2372 gradu

109 2375 217 2436 Evasit,
230 2379 257 2425 et
269 2375 407 2440 penetrale
418 2375 556 2426 funestum
567 2375 671 2442 attigit:

78 2491 88 2496 ,
108 2443 196 2492 Totas
207 2458 274 2508 opes
285 2443 394 2506 effudit,
406 2450 433 2494 et
444 2443 572 2512 quidquid
584 2443 630 2494 diu

109 2511 200 2561 Etiam
211 2511 271 2576 ipsa
280 2513 383 2574 timuit,
395 2513 508 2580 premit3
521 2518 602 2580 atque
614 2526 720 2562 omnem
732 2511 851 2578 explicat

108 2579 231 2630 Turbam
241 2581 386 2632 malorum:
398 2597 511 2644 arcana,
523 2585 631 2632 secreta
636 2617 643 2644 ,
656 2580 763 2644 abdita3
861 2576 912 2630 680

107 2651 158 2712 Et,
169 2648 248 2699 triste
258 2648 336 2700 laeva
348 2665 524 2716 comprecaris
535 2665 643 2700 sacrum
652 2664 744 2716 manu,

107 2717 205 2770 Pestes
215 2723 310 2783 roeat,
324 2733 497 2787 quascunque
509 2717 638 2770 ferventis
650 2721 727 2768 creat

645 2785 706 2847 Qa
