2280 3088
254 208 446 262 OEDIPUS.
481 210 568 262 AGT.
588 209 636 262 Ν.
653 210 686 262 V.
822 211 873 261 m

72 309 210 372 Moestus,
222 326 268 372 en,
279 310 411 373 smum,
419 325 500 364 nanu

73 377 187 444 Regius,
200 395 330 446 quassans
343 377 437 445 ceput!

74 447 146 508 Ede,
158 447 221 514 quid
232 454 325 514 portes
336 449 407 500 novi.

372 590 579 606 nm—

248 711 414 778 neniis
460 711 708 788 QUINTUS.

366 849 391 892 N
401 847 425 892 U
434 848 519 892 ΝΠ
529 847 589 892 US·

135 943 230 986 Nuntisa
242 943 325 999 Oedipi
332 943 500 988 accusationis
510 943 629 988 consum
638 950 662 988 et
670 923 762 988 modim
770 951 861 989 mese.

74 1018 113 1098 Ρ
114 1051 236 1102 raediota
246 1058 391 1118 postquam
401 1052 460 1102 fata
471 1058 500 1105 ct
508 1051 649 1102 infandum
658 1068 745 1120 genus

74 1119 286 1186 Deprendit‚uc
296 1137 324 1170 se
336 1122 439 1173 scelere
451 1122 604 1171 convictum
616 1121 735 1189 Oedipus
824 1119 874 1170 ⁹15
925 1147 928 1154 ·

74 1188 222 1238 Damnavit
231 1189 303 1255 ipse:
314 1191 416 1258 regiam
427 1188 544 1242 infestus
554 1196 651 1256 petens

73 1257 164 1306 Invisa
174 1273 291 1322 propero
303 1264 379 1310 tecta
390 1260 542 1324 penetrant
551 1258 650 1324 gradu5

77 1325 171 1384 Qualis
182 1340 230 1390 pes
241 1341 306 1375 arva
316 1326 440 1392 Libycus
449 1328 549 1377 insanit
559 1327 612 1388 leo,

75 1393 187 1443 Fulvam
198 1395 295 1444 minaci
306 1393 396 1448 fronte
410 1397 568 1446 concutiens
578 1394 681 1444 iubam:

75 1461 175 1511 Vultus
186 1461 279 1512 sunone
288 1468 382 1514 torvus
394 1470 475 1530 atque
487 1463 558 1514 oculi
569 1469 670 1523 truces,
824 1461 875 1512 92⁰

76 1530 200 1580 Gemitus
211 1537 239 1580 et
250 1531 333 1582 altum
344 1547 477 1594 murmur,
489 1537 517 1582 et
526 1529 631 1598 gelidus
641 1527 700 1580 fluit

75 1597 166 1647 Sudor
177 1612 226 1663 per
236 1605 324 1662 antus3
336 1606 460 1665 spumat,
471 1605 500 1652 et
509 1600 593 1650 volvit
603 1599 697 1659 minas,

73 1667 112 1716 Ac
123 1681 227 1718 mersus
238 1669 293 1718 alte
305 1683 418 1734 magnus
428 1668 548 1720 exundat
557 1667 642 1718 dolor.

75 1731 174 1784 Secum
184 1736 242 1800 ipse
253 1751 349 1786 saevus
361 1737 463 1802 mande
474 1737 566 1786 nescio
579 1733 642 1800 quid
654 1739 742 1798 parat,

75 1801 191 1869 suisque
202 1801 266 1852 fatis
276 1803 369 1852 simile.
406 1804 496 1866 „Quid
508 1817 610 1868 poenas
620 1799 747 1850 morori“
824 1800 875 1850 925

73 1873 125 1921 nit.
162 1870 244 1931 „Hoc
256 1865 402 1920 scelestum
413 1877 507 1936 pectus
519 1877 566 1922 aut
576 1867 650 1920 ferro
662 1874 746 1934 petat,

74 1941 127 1989 Aut
138 1937 242 1989 fervido
255 1939 350 2005 aliquis
360 1941 422 2005 igne
433 1940 475 1990 vel
484 1954 551 1990 saxo
564 1936 669 1990 domet!

76 2009 153 2069 Quae
164 2009 255 2074 tignis,
268 2013 315 2058 aut
325 2024 394 2075 quae
405 2024 487 2060 saeva
496 2007 645 2060 visceribus
656 2008 723 2058 meis

74 2077 198 2126 lncurret
210 2075 281 2126 atesi
298 2075 359 2142 lpse
370 2082 399 2128 tu
408 2078 540 2128 scelerum
552 2091 648 2142 capax,

75 2143 160 2194 Sacer
171 2143 384 2206 Cithaeron,vel
395 2146 468 2196 feras
477 2148 505 2196 in
516 2161 559 2196 me
570 2151 631 2196 tuas
824 2144 874 2194 ⁹3⁰

74 2213 177 2263 Emitte
187 2211 274 2274 silvis,
285 2215 362 2266 mitte
373 2215 414 2264 vel
426 2215 535 2267 rabidos
547 2212 640 2266 omncs!

74 2280 152 2330 Nunc
162 2281 245 2332 redde
255 2282 378 2349 Agaueni
401 2285 506 2348 Anime,
518 2283 581 2350 quid
593 2287 710 2334 montem
719 2278 816 2334 timesi

73 2349 151 2400 Mors
160 2351 333 2402 innocentem
343 2353 405 2402 sola·
412 2351 538 2408 fortunae
549 2353 657 2417 eripit.“

73 2417 152 2468 Haec
164 2415 250 2480 fotus,
262 2425 340 2486 aptat
350 2421 462 2486 impiam
470 2421 568 2487 copulo
579 2436 696 2481 manum,

73 2487 322 2553 Ensemqueducit.
357 2489 469 2551 „Itanei
490 2495 546 2542 tam
557 2490 660 2554 magnis
672 2489 768 2538 breves
822 2483 873 2537 935

72 2555 181 2605 Poenas
187 2556 334 2608 sceleribus
345 2558 440 2622 sonis,
451 2563 533 2624 atquc
543 2571 597 2606 uno
608 2557 699 2606 omnia

72 2624 205 2674 Pensabis
215 2623 288 2676 ictui
308 2626 437 2678 Muneris:
451 2625 504 2676 hoc
514 2625 584 2692 patri
596 2629 638 2674 sat
648 2629 698 2674 cst.

74 2691 147 2754 Quid
158 2692 254 2744 deinde
266 2695 347 2744 matri
354 2731 362 2756 ,
373 2694 437 2762 quid
448 2693 517 2744 nsale
526 2693 555 2743 in
564 2691 653 2742 lucem
664 2691 743 2741 editis

135 2758 211 2810 San.
230 2762 338 2813 Tnso.
639 2759 670 2810 M
