2280 3088
331 180 524 234 OEDIPUS.
559 181 646 232 AGT.
663 181 711 231 ΠΙ.
863 179 913 233 tot

116 285 179 338 Non
191 285 342 337 contineret
351 285 378 334 in
390 298 451 334 meo
463 289 567 334 eertum
578 288 663 332 statu:

117 356 223 405 Tamen
232 355 293 418 ipsa
303 367 346 402 me
358 353 480 403 Fortuna
490 357 620 410 terreret,
631 351 709 400 nimis

121 421 244 473 Sollicita
253 435 366 487 semper.
403 420 502 471 Libeat
512 419 565 470 hoe
576 424 636 468 tuto
647 419 697 467 tibi

117 491 228 541 Exuere
239 489 356 556 pondus:
369 501 402 538 ne
414 487 586 540 recedentem
597 487 740 552 opprimat.
788 523 791 530 .

118 559 176 610 lam
187 565 215 610 te
225 559 328 607 minore
339 557 424 606 tutior
434 570 518 621 pones
528 555 599 605 ioco.
863 556 913 608 615

119 638 195 677 orto.
213 626 340 676 Hortaris
352 626 446 685 etiam,
459 629 556 691 sponte
570 623 703 688 deponam
713 629 744 672 ut
754 637 814 674 mea

118 694 189 744 Tam
200 695 295 759 grevia
305 691 406 759 regnat
429 706 477 741 en.
496 689 630 741 Suadeam
642 689 695 740 hoe
706 691 758 740 illis
770 707 831 758 ego,

116 763 149 812 ln
158 767 302 826 utrumque
313 762 371 826 quis
383 765 425 810 est
434 761 502 810 liber
513 760 657 810 etiamnum
669 765 764 810 status.
775 818 778 826 Ι

117 829 182 878 'l'ibi
191 830 246 878 iam
256 842 366 878 necesse
377 833 418 878 est
429 827 500 877 ferre
510 826 647 876 fortunam
656 833 740 877 tuem.

118 909 193 946 ortu.
213 896 369 946 Certissima
378 901 422 946 est
431 909 545 960 regnare
557 895 675 959 cupienti
685 896 728 944 ria
863 895 913 945 68⁰

116 963 245 1015 Laudare
255 963 375 1024 modica,
387 969 415 1012 et
427 964 512 1012 otium
523 977 555 1012 ae
566 977 687 1012 somnum
698 963 779 1029 loqui.

117 1033 157 1082 Ab
168 1033 288 1098 inquieto
299 1045 381 1095 saepe
391 1031 532 1081 simulatur
543 1031 626 1096 quiea.

119 1115 168 1150 om
187 1100 323 1150 Parumne
333 1114 375 1148 me
385 1105 442 1148 tam
451 1099 534 1164 longa
544 1097 665 1148 defendit
674 1099 758 1149 fides?

119 1179 194 1218 oar).
213 1168 319 1218 Aditum
331 1167 444 1216 nocendi
456 1165 559 1232 perfido
572 1172 693 1231 praestet
704 1167 779 1218 fides.

119 1249 168 1286 cu.
188 1234 297 1287 Solutus
308 1250 389 1286 onere
400 1237 475 1301 regio
488 1235 562 1301 regni
574 1236 651 1284 bonis
861 1236 912 1288 ost

116 1305 218 1366 Fruor,
228 1304 376 1368 domusque
387 1305 483 1354 civium
495 1309 574 1352 coetu
586 1305 672 1368 viget3

117 1371 176 1422 Nee
186 1372 240 1422 ulla
250 1371 353 1422 vicibus
365 1373 451 1438 surgit
462 1372 571 1420 alternis
582 1371 647 1431 dies,

118 1443 179 1503 Qua
190 1455 242 1490 non
255 1441 398 1506 propinqui
409 1453 523 1489 munera
533 1438 568 1489 ed
578 1444 685 1488 nostros
695 1437 766 1488 lares

120 1507 225 1572 Sceptn'
237 1507 388 1558 redundent
398 1508 500 1568 uultus,
512 1507 656 1572 opulentae
667 1505 759 1571 depos.

118 1577 228 1641 Donata
238 1575 327 1626 multis
339 1577 429 1641 gratia
438 1582 532 1626 nostra
541 1575 621 1624 salus.
861 1575 913 1627 690

121 1645 191 1705 Quid
201 1651 256 1694 tam
265 1645 363 1694 beatae
375 1643 469 1694 deesse
480 1643 606 1694 fortunae
616 1641 694 1693 teari

120 1725 194 1762 oren.
215 1712 293 1772 Quod
304 1711 393 1762 deest:
405 1711 525 1762 secunda
534 1727 588 1760 non
599 1710 699 1760 habent
708 1727 826 1779 unquam

593 1779 710 1829 modum.
818 1777 822 1786 '

119 1861 170 1898 eu.
188 1847 330 1912 Incognita
339 1847 422 1912 igitur
432 1851 462 1896 ut
472 1861 572 1898 nocens
584 1863 666 1898 causa
677 1847 789 1896 cadam?

121 1929 196 1965 orsu.
215 1913 284 1964 Num
295 1915 366 1964 ratio
377 1915 453 1964 vobis
463 1916 570 1965 reddita
580 1921 622 1967 est
631 1917 703 1966 vitae
712 1914 806 1966 meaet

118 1983 189 2034 Num
201 1983 293 2032 audita
303 1997 386 2032 eausa
398 1987 440 2032 est
450 1989 544 2034 nostra
555 1983 693 2034 Tiresiaei
714 1990 805 2034 tamen
863 1985 915 2038 695

119 2049 216 2103 Sontes
227 2049 356 2100 videmur.
392 2051 494 2101 Facitis
505 2052 670 2116 exenrplum:
681 2067 788 2118 sequor.

120 2133 167 2170 on.
179 2120 263 2182 Quid,
274 2121 297 2169 si
306 2120 435 2170 innocens
446 2119 522 2170 sumi
534 2133 608 2170 uun.
620 2120 709 2168 Dubia
720 2135 768 2184 pro
780 2121 862 2171 certis
883 2179 886 2187 ¹

623 2187 711 2238 solent

119 2255 226 2306 Timere
236 2269 323 2322 reges.
361 2269 411 2305 ca.
431 2257 483 2316 Qui
494 2261 576 2322 pavet
585 2270 669 2306 vanos
680 2262 777 2318 metus,

117 2323 205 2375 Veros
215 2330 342 2373 meretur.
379 2336 453 2372 oan.
474 2325 601 2390 Quisquis
612 2325 638 2373 in
650 2324 730 2388 culpa
740 2323 800 2386 fuit,

115 2391 247 2442 Dimissus
259 2391 316 2441 odit
327 2406 418 2454 omne,
430 2392 501 2458 quod
511 2392 620 2442 dubium
630 2397 716 2456 putat.
863 2393 916 2442 too

120 2473 167 2510 en.
187 2457 394 2510 Sieodiafiu'nt.
431 2472 505 2509 oar).
517 2461 586 2510 Odia
596 2461 641 2525 qui
652 2461 762 2510 nimium
774 2462 850 2512 timet
892 2504 894 2509 .

118 2528 240 2595 Regnare
251 2529 352 2578 nescit:
363 2543 448 2594 regna
459 2529 577 2577 custodit
586 2534 682 2578 metus.

120 2611 168 2646 cm
188 2597 239 2657 Qui
250 2602 359 2662 seeptro
369 2595 436 2646 duro
448 2611 545 2646 saevus
555 2597 669 2660 imperio
681 2597 759 2661 regit,

118 2665 209 2716 Timet
224 2666 364 2728 timentem
376 2669 464 2716 metus
476 2665 504 2714 in
516 2669 654 2714 auctorem
666 2663 746 2713 redit.
