2134 3088
179 269 229 322 080
345 268 397 337 [L.
415 269 573 322 ANNAEI
591 269 801 342 SENECAE]

239 371 293 424 Sed
303 373 357 422 vim
368 375 491 440 negenite
502 379 533 423 ut
543 387 577 424 ne
587 374 804 440 inexpugnabilis

237 443 332 504 Esset,
345 442 394 492 sed
404 457 501 510 aegras
513 442 654 509 frangeret
666 443 737 492 vires
748 444 839 504 timor,

177 512 227 564 sto
239 511 291 562 Vel
302 525 404 576 poena3
416 525 485 578 quae
496 513 549 560 ism
562 525 624 560 sera
635 510 791 560 damnatam
803 509 910 578 premit,

238 581 292 630 Diu
303 585 456 630 nocentem.
468 579 546 629 Tolle
558 579 699 628 eonsilium
710 595 743 629 ae
755 594 860 646 preces,

237 650 274 700 Et
285 650 420 714 imperata
438 663 550 715 perage:
563 648 705 698 devectam
717 653 777 698 rate

236 717 338 768 Procul
347 717 374 765 in
386 723 521 766 remotum
532 717 608 766 littus
619 717 740 766 interimi
751 715 828 766 iube:

236 786 362 836 Tandem
373 791 404 835 ut
414 785 518 836 residat
528 785 647 851 pectoris
659 786 747 836 nostri
757 791 858 834 tumor.

386 953 568 1012 cnonas,
590 952 784 999 ornaris.

237 1053 321 1097 Clamo
333 1050 486 1106 perniciosum
499 1052 576 1094 multis
587 1050 698 1108 favorem
710 1052 794 1108 populi
808 1050 884 1108 fuisse
904 1048 984 1098 canit.

180 1122 237 1154 moe
251 1113 309 1152 uma
313 1105 376 1164 sata
385 1107 503 1150 mulierum
512 1111 590 1150 doinus
603 1106 728 1150 Caesareae
737 1110 908 1152 commemorat.

180 1201 231 1251 880
245 1211 344 1249 ersom
357 1198 380 1248 Ο
392 1196 515 1249 funestus
526 1198 617 1248 multis
629 1199 721 1264 populi

241 1268 378 1332 Dirusque
391 1265 482 1326 favor,
494 1268 538 1333 qui
550 1282 611 1316 eum
624 1267 690 1316 llatu

242 1335 312 1389 Vela
323 1334 442 1384 seeundo
453 1335 519 1384 ratis
530 1336 659 1402 implevit,

241 1403 379 1470 vexitque
393 1403 502 1469 procul,
514 1403 656 1470 languidus
665 1403 737 1454 idem

242 1473 352 1524 Deserit
362 1472 418 1522 alto
429 1487 565 1538 saevoque
576 1471 656 1522 nien!

182 1541 234 1594 ⁸85
246 1542 335 1594 Flevit
347 1539 488 1591 Gracchos
499 1541 654 1590 miseranda
663 1555 771 1607 parens,

242 1609 365 1662 Perdidit
374 1611 468 1676 ingens
481 1624 549 1676 quos
560 1609 645 1676 plebis
657 1624 733 1660 amor

243 1679 402 1744 Nimiusque
414 1677 492 1728 lavor
502 1693 602 1744 genere
613 1679 740 1739 illustres,

243 1747 365 1808 Pietate,
379 1747 447 1808 fido,
457 1747 549 1813 lingua
560 1747 658 1806 claros,

243 1817 362 1867 Pectore
373 1814 472 1877 fortes,
483 1815 587 1882 legibus
599 1829 684 1866 aeres.

182 1885 235 1936 890
247 1885 289 1934 Te
300 1899 422 1951 quoque,
434 1883 508 1946 Livi,
519 1883 598 1934 simili
608 1883 676 1935 leto.

242 1953 366 2004 Fortuna
376 1952 459 2014 dedit,

244 2023 331 2082 Quem
343 2035 429 2088 neque
440 2020 529 2070 fasces
539 2025 633 2072 texere
643 2021 694 2082 sui,

245 2089 302 2141 Neo
313 2095 388 2140 tecta
398 2089 502 2139 domus.
513 2089 595 2139 Plura
606 2089 709 2140 referre

245 2157 377 2209 Prohibet
388 2173 516 2224 praesens
528 2158 652 2223 exempla
663 2157 750 2208 dolor.

184 2225 235 2277 805
246 2227 332 2276 Modo
341 2228 383 2276 eui
396 2228 511 2292 patriam
523 2226 637 2278 reddere
649 2228 722 2277 cives

245 2295 339 2346 Aulam
350 2300 378 2344 et
390 2295 482 2344 fratris
492 2295 603 2346 voluere
614 2301 700 2356 toros,

245 2363 324 2414 Nunc
336 2363 371 2412 ad
383 2379 497 2430 poenam
507 2363 644 2431 letumque
655 2361 725 2414 trahi

245 2433 381 2494 Flentem,
392 2433 532 2494 miseram,
544 2447 655 2484 eernere
666 2435 787 2500 possunt.

246 2501 321 2550 Bene
333 2507 479 2566 paupertas
491 2500 584 2551 humili
595 2507 670 2552 tecto

186 2567 237 2615 000
251 2569 385 2619 Contenta
395 2569 474 2618 latet:

247 2634 377 2692 Quatiunt
388 2637 457 2685 altas
468 2651 551 2702 saepe
561 2637 706 2702 procellae,

246 2701 300 2747 Aut
309 2704 407 2751 evertit
418 2705 540 2754 Fortuna
550 2705 655 2756 domos:

249 2777 266 2811 o
275 2779 288 2813 c
296 2780 322 2815 r.
335 2769 394 2827 Quo
406 2785 448 2821 me
459 2770 584 2823 trahitisl
595 2775 702 2838 quodve
713 2781 846 2840 tyrannus
