2262 3082
239 180 272 230 42
404 178 462 246 hc.
480 177 636 229 anunm
655 177 844 231 sansone
884 213 889 218 -

318 279 463 330 Distendat
474 281 543 343 alto;
556 295 670 350 cumque
681 287 811 332 revocata
820 284 879 333 vice

319 350 348 398 ln
361 364 390 398 se
402 349 526 412 coibunt,
537 365 657 417 saxaque
667 351 695 400 in
707 349 811 400 coelum
823 351 974 416 expriment

317 417 391 466 Actis
403 418 528 485 utrinque
538 419 649 484 rupibus
660 417 777 468 medium
788 416 901 507 mara>

237 485 305 534 1215
317 485 377 550 Ego
388 487 509 552 inquieta
518 489 651 536 montium
661 488 766 536 iaceam
777 502 863 539 mora.
878 543 881 550 .
941 524 947 536 .

319 553 402 616 Quin,
418 560 553 606 structum
568 570 697 606 acervans
714 569 825 606 nemore
842 563 974 624 congesto
991 574 1042 626 ag-
1120 585 1121 588 ¹

465 641 467 647 ¹
724 638 830 688 gesem,

314 692 417 742 Cruore
429 705 527 756 corpus
537 691 620 756 impio
632 706 755 756 sparsum
766 691 875 744 cremet

315 757 373 821 sic,
385 762 424 810 sic
436 759 568 826 agendum
581 765 635 810 cst:
652 758 748 809 lnicris
758 759 870 810 reddam
879 761 1038 813 Herculem.

314 843 413 878 nuru.
443 827 567 878 Nondum
581 828 697 878 tumultu
708 833 804 894 pectus
816 831 934 880 attonito
945 837 1038 882 caret·

234 897 301 946 1220
312 897 430 947 Mutavit
439 897 507 958 iras,
518 897 642 964 quodque
654 895 737 946 habet
748 899 888 964 proprium
897 897 987 961 furor,

311 965 342 1014 ln
354 979 383 1013 se
393 965 452 1029 ipse
461 966 556 1014 saevit.
576 979 678 1014 nanc.
697 964 765 1014 Dira
774 966 917 1016 Furiarum
926 967 989 1020 loca

313 1033 349 1082 Et
359 1031 509 1082 inferorum
521 1047 614 1082 carcer
624 1039 652 1082 et
663 1033 734 1082 sonti
747 1034 828 1100 plaga

310 1099 432 1150 Decreta
442 1101 552 1162 turbae,
565 1107 592 1151 et
603 1101 625 1150 si
637 1101 710 1166 quod
722 1102 829 1152 exilium
840 1103 909 1154 latet

310 1169 428 1218 Ulterius
439 1168 543 1230 Erebo,
557 1169 674 1220 Cerbero
685 1171 809 1236 ignotum
820 1170 936 1223 etmihi:

231 1237 298 1286 1225
310 1237 426 1288 Hucine
438 1237 507 1288 abde
518 1238 609 1288 tellus!
623 1239 732 1288 Tartari
745 1239 779 1288 ad
789 1240 869 1291 finem
882 1240 1006 1292 ultimum

309 1305 455 1356 Mansurus
465 1307 519 1356 ibo.
540 1307 639 1357 Pectus
652 1322 668 1356 o
680 1307 789 1356 nimium
801 1307 902 1359 ferum!

311 1374 377 1434 Quis
388 1390 436 1424 vos
448 1390 626 1440 peromnem,
638 1375 729 1437 liberi,
742 1391 851 1442 sparsos
862 1377 970 1428 domum

308 1441 417 1494 Dessere
429 1444 508 1511 digne
519 1443 637 1510 poterit?
649 1441 692 1494 hic
704 1444 787 1495 durus
799 1445 876 1496 malis

308 1510 467 1562 Lacrimare
478 1512 567 1562 vultus
580 1514 674 1562 nescit.
694 1513 756 1563 Huc
768 1528 860 1565 ensem
871 1514 948 1576 date,

228 1577 296 1628 1230
306 1579 379 1630 Date
389 1577 442 1629 huc
452 1581 579 1645 sagittas,
591 1581 710 1646 stipitem
722 1579 775 1631 huc
785 1590 891 1634 vastum
902 1583 978 1635 date:

307 1649 369 1698 'i'ibi
381 1649 436 1699 tela
446 1647 569 1716 frangam
580 1653 687 1712 nostra3
699 1650 747 1700 tibi
758 1656 881 1714 nostros,
891 1668 968 1719 puer,

305 1717 471 1783 Rumpemus
483 1733 575 1780 arcus,
588 1734 621 1768 ac
631 1719 684 1768 tuis
699 1720 783 1785 stipes
795 1722 886 1786 gravis

304 1787 415 1838 Ardebit
425 1789 540 1851 umbris;
551 1789 612 1854 ipsa
623 1787 755 1838 Lernaeis
766 1786 894 1856 frequens

304 1854 439 1907 Phanetra
448 1857 510 1907 telis
524 1858 551 1906 in
562 1863 624 1906 tuos
634 1855 684 1905 ibit
694 1871 786 1921 rogos.

227 1919 292 1970 1235
305 1923 378 1973 Dent
389 1939 464 1973 arma
475 1923 590 1988 poenas!
602 1939 651 1972 vos
662 1938 770 1988 quoque
779 1923 914 1976 infaustas
924 1925 992 1978 meis

305 1993 437 2041 Cremabo
448 1991 550 2051 taedis,
562 2005 578 2039 o
590 1990 749 2040 novercales
760 1993 867 2042 manus!

305 2073 405 2109 raus.
431 2059 497 2119 Quis
513 2072 611 2108 nomen
627 2058 871 2176 unquamdseeleris
881 2065 967 2114 errori
979 2063 1027 2116 ad·
1121 2072 1122 2105 ἓ

763 2127 820 2177 idit.
1121 2146 1122 2153 ¹

302 2209 403 2246 usne.
424 2193 512 2261 Saepe
527 2209 604 2245 error
619 2195 713 2262 ingens
724 2195 834 2248 sceleris
851 2197 969 2250 obtinuit
984 2200 1024 2251 lo·

417 2301 418 2308 ,
749 2281 818 2316 cum.

301 2343 402 2380 ruse.
421 2331 500 2382 Nunc
510 2332 630 2384 Hercule
643 2347 711 2400 opus
723 2342 776 2386 est:
789 2333 880 2400 perfer
890 2334 1023 2388 hancmo-
1120 2347 1121 2350 ’

680 2403 732 2454 lem
744 2404 816 2454 mali.

223 2467 289 2516 1240
300 2481 401 2518 nnnc.
419 2467 481 2520 Non
493 2472 532 2521 sic
543 2469 638 2523 furore
652 2473 733 2522 cessit
745 2473 880 2524 extinctus
891 2474 992 2539 pudor,

299 2537 419 2602 Populos
429 2543 461 2588 ut
472 2553 564 2590 omnes
575 2541 658 2606 impio
671 2541 803 2606 adspectu
813 2539 914 2607 fugem.

297 2607 392 2668 Arma,
403 2621 491 2670 arma,
503 2607 627 2670 Theseu,
641 2607 735 2674 flagito
746 2623 863 2674 propere
874 2608 939 2662 mibi

299 2671 446 2727 Subtracta
456 2677 541 2729 reddi.
561 2675 634 2730 Sana
644 2678 668 2728 si
677 2691 754 2728 mens
765 2681 807 2728 est
817 2675 895 2742 mihi3
