2274 3086
229 185 279 235 ΞΜ
410 183 444 234 L.
478 173 634 233 buntur
654 179 842 234 SENECAE

291 285 366 335 Haec
377 301 432 336 une
441 299 523 336 naves
535 299 618 334 cause
629 283 760 334 deductae
769 288 858 347 teuet3

289 354 342 402 Hic
353 353 446 403 ciaesis
457 352 560 403 haeret.
597 351 670 403 Neve
681 352 817 402 crudelem
830 357 919 418 putes,

290 421 369 481 Quod
379 428 453 472 sorte
463 423 551 471 iussus
563 421 690 470 Hectori·
701 427 794 470 natum
807 427 911 486 petoni:

290 489 423 540 Petissenr
439 490 572 540 Orestem.
608 489 718 549 Patere,
731 489 803 554 quod
815 491 902 538 victor
913 489 984 538 tuiit.

230 556 282 607 too
293 572 394 608 nunu.
414 559 522 608 Utinam
537 557 644 625 quidem
656 571 744 618 esser,
756 563 851 622 gnate,
867 562 993 608 materna
1003 557 1032 606 in

700 639 790 686 manu,

290 693 471 761 Noseenrque,
484 695 542 760 quis
553 699 581 744 te
593 709 671 745 casus
682 701 804 757 ereptum
816 692 882 744 mihi

291 763 424 824 Teneret,
437 770 484 814 aut
496 777 564 829 quae
576 760 664 828 regio!
686 762 745 811 Non
758 761 900 812 hostilibus

291 831 425 882 Confossa
435 832 494 881 teiie
505 837 614 896 pectus,
627 836 674 880 aut
683 831 776 880 vinciis
788 845 883 881 manus

293 897 452 966 Serantibus
464 901 693 965 praestricta‚non
705 900 761 948 acri
772 899 843 949 latur

233 965 283 1017 565
296 969 443 1034 Utrumque
455 967 563 1017 flamma
574 969 677 1030 cincta,
689 974 838 1017 maternam
850 965 931 1016 iidem

288 1029 416 1102 unquam
427 1037 569 1086 exuissem.
607 1037 710 1097 Gnate,
721 1037 780 1102 quis
791 1042 819 1086 te
830 1031 901 1085 nun‘c
911 1035 999 1097 iocus,

294 1105 417 1155 Fortuna
428 1119 496 1170 quae
508 1103 647 1170 possedit?
668 1119 761 1154 errore
768 1105 833 1154 avio

294 1172 389 1238 Vagus
401 1187 465 1221 arva
475 1172 592 1223 lustras'i
612 1179 705 1222 vastus
717 1187 749 1221 an
762 1173 867 1237 patriae
878 1186 964 1238 vapor

296 1241 432 1304 Corripuit
443 1240 534 1290 artus!
554 1257 651 1291 saevus
664 1256 697 1290 an
708 1243 797 1289 victor
807 1247 855 1290 tuo

236 1310 287 1360 bib
298 1307 378 1358 Lusit
388 1308 502 1359 cruore?
522 1309 649 1374 numquid
660 1310 783 1358 immanis
794 1308 869 1360 ferae

295 1377 390 1427 Morsu
401 1383 538 1443 peremtus
548 1380 637 1443 pascis
650 1377 744 1427 idaeas
756 1376 836 1427 aresi

296 1459 347 1495 uu.
367 1444 499 1496 Simuiata
509 1461 618 1496 remove
628 1446 725 1495 verba:
737 1461 790 1496 non
803 1446 884 1496 facile
895 1444 998 1496 esttibi

295 1514 430 1579 Decipere
441 1514 569 1578 Ulysuen:
581 1515 693 1564 vicimus
705 1521 820 1564 matrum
832 1514 910 1564 doioe

297 1583 387 1632 Etiam
399 1582 519 1632 dearum.
556 1583 640 1632 cassa
651 1583 764 1633 consilia
775 1597 879 1632 amove.

235 1651 286 1701 bib
296 1651 348 1702 Ubi
353 1656 433 1702 natue
438 1649 493 1701 esti
504 1666 521 1700 n
528 1665 544 1700 u
552 1665 571 1699 n
579 1665 606 1700 n
617 1651 667 1701 Ubi
674 1650 791 1702 Hectori
801 1653 846 1701 ubi
854 1651 943 1701 cunuti
948 1649 1040 1718 Pbry-

740 1719 769 1770 si

294 1789 346 1840 Ubi
356 1787 496 1842 Poanust
517 1789 604 1838 Unum
616 1735 738 1854 quaeri&
749 1805 800 1855 ego
813 1803 914 1855 quaero
926 1791 1028 1840 omniu.

296 1871 346 1908 uu.
365 1860 468 1908 Coacta
477 1857 566 1918 dices,
577 1868 674 1922 sponte
685 1857 757 1923 quod
769 1857 820 1907 fari
833 1857 935 1908 abnuis.

294 1939 360 1975 nun
368 1939 395 1975 n.
414 1927 489 1975 Tuto
499 1931 549 1986 est,
563 1927 651 1990 perire
663 1941 731 1991 quae
739 1931 838 1991 potest,
850 1927 939 1987 debet,
952 1931 1036 1992 cupit.

294 2007 346 2043 ur..
363 1994 511 2058 Magnifica
525 1994 611 2043 verba
621 2009 693 2043 mors
705 2009 790 2060 prope
802 1995 913 2044 admota
923 1999 1038 2045 excutit.

236 2059 287 2110 58⁰
297 2075 396 2110 nunu.
409 2059 437 2111 Si
444 2062 491 2122 vi,
502 2061 608 2126 Ulysse,
621 2077 720 2128 cogere
730 2062 1037 2128 Andronraebanrnretu‚

295 2130 388 2182 Vitam
398 2130 514 2180 minare:
526 2144 587 2178 nanr
599 2131 666 2180 mori
678 2136 770 2180 votum
783 2138 825 2182 est
834 2130 908 2182 mibi.

295 2211 346 2246 ur„
366 2197 544 2256 Verberibus,
554 2199 624 2264 igni,
634 2205 737 2260 morte,
749 2203 885 2260 cruciatu,
897 2200 987 2268 eloqui

298 2265 484 2331 Quodcunque
496 2265 581 2326 celae,
592 2267 684 2334 adiget
695 2269 805 2317 inritam
818 2269 904 2330 dolor,

296 2333 333 2384 Et
343 2340 454 2400 pectore
464 2336 519 2383 iuro
531 2335 641 2385 condita
652 2351 752 2386 aroana
762 2343 847 2388 eruet.

234 2401 284 2453 585
296 2403 444 2453 necessitas
455 2402 515 2467 pius
527 2417 621 2468 posse,
634 2420 714 2471 quarn
726 2407 827 2470 pietas,
838 2405 917 2456 solet

316 2484 359 2520 uu
367 2485 394 2520 r„
407 2471 535 2537 Propone
545 2470 681 2534 tunnas,
692 2473 803 2524 vulnera
814 2479 842 2524 et
852 2474 925 2524 dirae
935 2475 1003 2528 maii

293 2537 405 2588 Doloris
416 2546 503 2599 arten,
516 2545 545 2588 et
553 2538 656 2593 famem.
665 2547 693 2591 ot
703 2557 811 2592 saevam
822 2543 903 2605 sitini,

295 2607 447 2672 Variaeque
458 2613 549 2671 pestes
559 2608 692 2675 undique,
703 2615 732 2658 et
741 2609 842 2660 ferrum
852 2613 967 2664 inditum

295 2672 453 2726 Visceribus
463 2677 544 2737 ustie„
556 2677 674 2728 carceris
685 2679 762 2730 coeci
771 2677 852 2743 luem,
