2262 3082
228 205 261 252 22
410 201 444 253 L.
472 201 627 254 ANNAEI
656 200 846 254 SENEan

288 304 455 370 Prospectus
466 309 560 370 pateat
569 305 651 365 lunis,
663 312 691 356 et
701 306 788 356 invius

288 372 381 423 Limes
393 373 440 422 det
449 373 544 424 faciles
555 373 590 422 ad
602 372 721 439 Superos
732 372 802 422 vias!

288 441 407 492 Immites
419 443 509 508 potuit
518 441 630 492 flectere
643 442 768 492 cantibus

228 501 278 558 tte
290 510 450 560 Umbrarum
461 511 585 560 dominos
596 516 624 562 et
635 525 716 575 prece
731 509 846 574 supplici

288 577 427 644 Orpheus,
439 579 595 642 Eurydicen
607 579 670 628 durn
681 579 781 643 repetit
791 592 876 626 suam.

289 647 365 706 Quae
377 647 457 698 silvas
469 653 497 696 et
509 661 572 697 nves
584 661 704 712 saxaque
715 650 852 704 traxerat,

289 716 351 777 Ars,
364 730 433 781 quae
444 715 609 780 praebuerat
619 713 772 764 fluminibus
783 727 888 774 meras,

288 783 327 832 Ad
339 785 414 833 cuius
427 786 544 834 sonitum
558 784 737 832 constiterant
747 781 835 832 ferae:

229 850 278 900 575
290 852 394 901 Mulcet
405 867 458 900 non
470 852 555 902 solitis
567 851 680 902 vocibus
692 849 810 909 inferos,

288 921 325 969 Et
335 919 423 968 surdis
434 925 546 968 resonet
558 921 656 968 clarius
666 921 693 968 in
704 919 780 968 locis.

289 986 399 1036 Deflent
411 986 564 1050 Eurydicen
577 985 721 1035 Threiciae
734 981 832 1034 nurust

290 1053 399 1105 Deflent
409 1060 437 1103 et
447 1053 566 1102 lacrimis
576 1053 699 1103 difficiles
711 1053 768 1112 dei,

291 1123 339 1183 Et,
352 1123 398 1188 qui
406 1121 496 1171 fronte
508 1123 586 1170 ninris
599 1121 711 1170 crimina
722 1119 819 1169 tetricd

230 1189 280 1239 580
291 1192 445 1253 Quaerunt,
459 1205 491 1238 ac
503 1195 610 1240 veteres
622 1189 763 1238 excutiunt
775 1201 847 1246 reos,

290 1259 399 1309 Flentes
410 1257 565 1323 Eurydicen
576 1257 683 1306 iuridici
694 1257 798 1307 sedent.

291 1327 414 1376 Tandem
425 1328 534 1386 mertis,
546 1327 585 1375 ait
599 1325 787 1386 ‚‚Vincimur,“
798 1321 911 1372 arbiter:

291 1395 407 1456 „Evado
419 1395 454 1444 ad
466 1393 669 1460 Super0s31ege
681 1400 773 1443 tumen
785 1391 860 1440 deta:

291 1465 357 1525 „Tu
370 1469 433 1530 post
444 1468 523 1529 terga
533 1465 571 1512 tui
584 1478 667 1528 perge
678 1463 729 1512 viri
740 1475 830 1512 cernes
837 1473 844 1520 ς

230 1531 281 1582 585
293 1533 361 1593 „Tu
373 1547 426 1582 non
438 1538 500 1581 ante
511 1537 587 1581 tuaru
594 1533 699 1596 respice
711 1531 865 1594 coniugem,

291 1602 403 1662 „Quam
416 1615 476 1650 curn
488 1600 563 1650 clera
573 1600 639 1649 deos
650 1599 778 1656 obtuderit
789 1598 861 1656 dies,

290 1667 495 1736 „Spartanique
506 1669 595 1719 aderit
606 1670 686 1718 ianua
697 1667 823 1718 Taenari.
831 1667 848 1693 “

291 1737 356 1787 Odit
365 1753 445 1788 verns
455 1752 532 1788 arnor
542 1753 593 1788 nec
604 1738 707 1803 patitur
716 1750 821 1788 moras:

276 1818 277 1824 ¹
289 1805 388 1858 Munus
400 1807 463 1856 dum
475 1811 605 1873 properat
615 1820 739 1866 cernere,
752 1801 878 1870 perdidit.

232 1873 281 1924 590
294 1875 371 1934 Quae
381 1875 452 1924 vinci
463 1877 553 1940 potuit
562 1876 638 1940 regia
650 1874 787 1934 cantibus,

290 1943 368 1994 Haec
378 1943 450 1993 vinei
459 1945 561 2007 peterit
571 1943 646 2007 regia
657 1942 766 1990 viribus.

405 2201 575 2267 ACTUS
611 2199 852 2268 TERTIUS.

498 2338 758 2384 HEncULEs.

288 2434 365 2480 Solem
386 2442 511 2494 ternosque
531 2441 582 2480 deor
597 2443 708 2491 precatur
726 2436 818 2480 veniam
832 2435 950 2487 Hecales,
970 2439 1031 2492 quod

231 2492 302 2535 r'umu
313 2490 430 2535 Cerberum
439 2489 531 2548 sapere
540 2491 637 2535 invirum
647 2492 754 2536 traxerit.

294 2581 331 2667 Ο
349 2616 417 2668 lucis
429 2615 515 2668 almae
526 2623 618 2668 rector
629 2624 657 2668 et
669 2618 738 2668 coeli
749 2617 845 2679 decus,

291 2686 343 2748 Qud
355 2686 459 2738 alterna
470 2703 550 2738 curru
561 2689 650 2753 spatia
661 2685 822 2738 flammifero
835 2685 969 2745 ambiens,
