2262 3082
275 227 309 276 34
451 223 486 274 L.
513 222 668 275 ANNAEI
698 221 889 278 SENECAE

335 328 455 378 Immune
467 327 571 377 coelum
583 333 637 388 est,
648 327 744 392 dignus
754 327 864 378 Alcidae
873 329 960 381 labor.

298 391 307 410 '
333 398 363 445 ln
374 396 430 444 alta
440 396 532 445 mundi
543 398 632 461 spatia
642 396 761 446 sublimis
771 395 857 446 ferar.

332 465 446 515 Petatur
456 463 564 514 aether:
578 470 652 514 astra
661 465 796 529 promittit
806 470 893 530 pater.

272 533 322 584 969
334 533 417 594 Quid,
428 535 450 583 si
462 531 591 600 negaret!
611 531 670 582 Non
683 535 756 597 capit
767 539 840 582 terra
851 533 1011 596 Herculem,

335 601 510 668 Tandemque
523 599 633 667 Superis
644 601 741 650 reddit.
759 599 813 650 En!
825 601 896 652 ultro
908 609 989 655 vocat

333 670 426 720 Omnis
438 670 551 720 deorum
562 675 670 730 coetus,
682 676 710 720 et
720 669 794 719 laxat
804 669 892 732 lorea,

332 739 392 789 Una
402 744 520 790 vetante.
540 739 662 803 Recipis,
675 745 703 787 et
713 753 818 788 reseras
830 739 935 803 polum,

332 809 372 858 An
384 809 551 858 contumacis
562 809 669 857 ianuam
680 806 770 856 mundi
782 805 878 856 trahel

273 875 323 926 969
335 876 481 925 Dubitatur
492 874 591 926 etiam?
602 875 697 926 Vincla
708 874 824 926 Saturno
836 890 946 938 exuam,

335 945 489 1009 Contraque
499 945 583 1008 patris
593 945 668 1007 impii
679 959 791 1008 regnum
802 945 937 1009 impotens

334 1013 418 1061 Arum
431 1010 579 1061 resolvam!
589 1011 661 1059 bella
671 1013 784 1060 Titanes
794 1018 892 1074 parent

335 1079 381 1129 Me
395 1079 463 1129 duce
474 1077 608 1128 furentes!
619 1092 686 1127 saxa
697 1093 757 1126 cum
769 1079 841 1128 silvis
853 1079 952 1143 leram,

335 1149 502 1213 Rapiamque
513 1147 609 1196 dextra
620 1146 701 1212 plena
712 1147 851 1197 Centauris
862 1149 938 1216 iuga!

275 1215 326 1265 9¹1⁰
337 1217 393 1265 lam
405 1222 496 1265 monte
507 1216 613 1281 gemino
625 1215 735 1264 limitem
747 1215 781 1264 ad
793 1215 911 1282 Superos
923 1217 1016 1285 agam!

335 1284 436 1335 Videat
446 1283 495 1333 sub
507 1285 577 1333 Ossa
587 1283 680 1334 Pelion
692 1281 790 1334 Chiron
802 1300 892 1348 suum3

334 1354 364 1403 ln
377 1352 481 1403 coelum
495 1353 639 1418 Olympus,
650 1353 730 1402 tertio
742 1354 847 1418 positus
856 1353 956 1420 gradu,

333 1421 492 1482 Perveniet,
503 1413 552 1470 hut
561 1422 699 1470 mittetur:
711 1435 797 1470 snrn.
809 1421 937 1472 lnlandos
949 1424 1048 1488 procul

333 1491 431 1540 dverte
442 1505 549 1553 sensus3
561 1491 679 1554 pectoris
689 1491 747 1539 sani
758 1505 866 1556 parum,
893 1527 895 1536 Α

274 1557 323 1610 915
334 1559 427 1624 Magni
437 1564 541 1620 tamen,
554 1573 696 1622 compesce
706 1559 858 1609 dementem
868 1561 1007 1624 impetum.

332 1641 420 1678 nanc.
435 1627 506 1688 Quid
516 1625 585 1677 hoel
598 1627 728 1693 Gigantes
739 1642 814 1677 arma
823 1627 943 1692 pestiferi
950 1637 1063 1682 movent
1127 1645 1128 1648 ’

288 1705 292 1712 ’
331 1695 458 1763 Profugit
469 1697 578 1746 umbras
590 1697 702 1760 Tityos,
715 1710 760 1757 ac,
772 1696 891 1746 lacerum
902 1711 999 1763 gerens

330 1766 367 1816 Et
376 1767 456 1816 inane
468 1771 578 1830 peetus,
591 1779 671 1832 quam
683 1779 768 1830 prope
779 1780 795 1813 a
807 1765 884 1816 coelo
896 1765 984 1816 stetit!

329 1833 421 1884 Labat
430 1833 589 1895 Cithaeron,
602 1834 657 1883 alta
667 1833 777 1884 Pallene
789 1835 894 1895 tremit,

271 1901 321 1951 980
330 1902 523 1966 Macetumque
534 1903 647 1965 Tempe.
666 1901 707 1949 Ra
726 1903 767 1950 uit
776 1899 820 1949 hic
831 1901 909 1951 Pindi
919 1903 995 1970 iuga3

329 1969 384 2018 Hic
394 1971 485 2032 rapuit
496 1969 597 2029 Oeten3
609 1969 695 2016 saevit
706 1917 869 2018 llorrendum
880 1971 991 2034 Mimas3

329 2035 505 2088 Flammifera
515 2037 635 2099 Erinnys
645 2034 758 2084 verbere
768 2049 883 2092 excusso
893 2045 985 2102 sonat,

330 2105 467 2171 Rogisque
479 2104 590 2153 adustas
601 2103 712 2168 propius
723 2118 755 2154 ac
766 2105 876 2169 propius
887 2107 968 2158 sudes

331 2175 361 2223 ln
374 2187 423 2222 ora
434 2172 533 2235 tendit3
546 2186 629 2222 saera
641 2169 802 2237 Tisiphone,
815 2180 897 2238 caput

272 2241 322 2292 985
335 2241 511 2306 Serpentibus
521 2240 634 2301 vallata,
646 2247 709 2307 post
719 2247 826 2307 raptum
839 2257 932 2292 canem

332 2311 445 2361 Portam
456 2315 598 2360 vacantem
611 2309 707 2359 clausit
718 2312 843 2376 opposita
853 2310 961 2363 lace.-

332 2377 387 2429 Sed
399 2377 476 2430 ecce!
488 2378 578 2444 proles
589 2379 660 2445 regis
671 2379 769 2428 inimici
781 2379 861 2440 latet,

223 2464 225 2472 ¹
331 2447 402 2512 Lyci
414 2446 560 2516 nefandum
572 2446 676 2518 semen!
688 2448 777 2498 loriso
788 2449 861 2513 patri

330 2517 409 2567 llaec
420 2517 517 2566 dextra
525 2519 579 2567 iam
590 2531 639 2567 vos
650 2515 759 2566 reddetl
771 2517 899 2567 Excutiat
909 2517 982 2570 leres

271 2586 321 2638 999
332 2585 437 2636 Nervus
448 2584 576 2654 sagittasl
589 2585 658 2636 Tela
668 2587 708 2636 sie
718 2586 789 2636 mitti
799 2586 879 2637 decet

330 2655 476 2708 Herculea.
495 2668 595 2705 nuru.
615 2656 716 2716 Quoue
729 2670 827 2705 coecus
838 2657 952 2724 impegit
962 2655 1052 2711 furor-l

330 2725 445 2777 Vastum
457 2726 560 2776 coactis
570 2722 647 2776 flexit
656 2737 750 2774 arcum
761 2724 887 2776 cornibus
892 2760 901 2788 ,
