2274 3086
217 176 267 226 248
394 175 428 224 L.
464 174 620 226 ΑΝΝΑΕΙ
639 173 831 226 SENECAE

216 277 267 326 82⁰
278 277 322 326 Tu
332 292 403 326 nuno
413 282 503 328 vestes
513 278 588 343 tinge
601 281 727 340 creusae,

277 346 352 405 Quas
364 361 425 395 cum
436 347 551 410 primum
561 349 702 408 sumserit,
713 349 781 398 imas

275 416 344 464 Urat
354 428 465 479 serpens
476 413 585 464 damma
595 414 738 466 medullas!

275 483 349 550 Ignis
360 481 433 532 fulvo
445 483 535 533 elusus
546 484 573 532 in
586 499 652 534 auro

277 551 361 602 Latet
372 551 517 612 obscurus,
529 566 610 617 quem
622 550 701 615 mihi,
712 553 782 604 eoeli

216 620 267 670 825
279 621 332 682 Qui
344 619 418 670 furta
427 619 477 668 luit
486 621 590 670 viscere
600 619 686 681 foeto,

276 689 374 748 Dedit,
386 694 414 738 et
425 688 518 738 docuit
528 689 646 738 condere
658 690 730 740 vires

276 759 355 818 Arte,
367 755 555 808 Prometheus.
591 757 676 811 Dedit
686 763 715 808 et
725 761 800 808 tenui

278 825 387 878 Sulfure
398 831 488 876 tentos
498 826 634 876 Mulciber
644 827 735 892 ignes3

279 897 315 946 ut
326 895 426 944 vivacis
436 893 546 958 fulgura
556 894 681 945 flammae

220 964 271 1015 830
281 965 324 1014 De
336 969 452 1029 cognato
465 961 639 1014 Phaethonte
650 965 713 1028 tuli3

278 1031 392 1093 Habeo,
403 1031 509 1082 mediae
520 1031 593 1082 dona
603 1031 773 1094 Chimaerae,

280 1102 348 1152 Usto
359 1101 431 1150 tauri
442 1105 552 1166 gutture
564 1107 666 1166 raptas,

280 1169 369 1229 Quas,
382 1170 516 1233 permixto
529 1167 592 1219 felle
603 1170 744 1233 Medusae,

281 1237 407 1287 Tacitum
418 1237 483 1286 iussi
494 1251 603 1288 servare
614 1239 723 1289 malum.

221 1306 272 1357 835
285 1305 360 1357 Adde
370 1305 481 1356 venenis
492 1305 629 1368 stimulos,
640 1308 756 1368 Hecate,
833 1341 840 1346 -

282 1375 423 1441 Donisque
434 1375 501 1424 meis

283 1443 393 1495 Semina
403 1441 527 1494 dammae
538 1445 648 1495 condita
659 1459 738 1494 serva

282 1513 391 1564 Faiiant
400 1514 487 1573 visus,
500 1519 644 1579 tactusque
654 1513 758 1574 ferant;

281 1581 358 1633 Meet
366 1582 393 1631 in
405 1587 500 1646 pectus
510 1596 647 1648 venasque
660 1581 748 1642 ealur3

222 1652 273 1701 840
285 1649 396 1700 stillent
406 1655 497 1711 artus,
510 1665 625 1717 ossaque
636 1649 750 1710 fument,

280 1720 434 1786 Vineatque
447 1734 510 1769 suas
521 1717 653 1786 flagrante
665 1733 744 1768 coma

280 1788 360 1839 Nova
370 1793 456 1854 nupta
465 1787 554 1838 iaces!

280 1858 357 1908 Vote
366 1861 506 1909 tenentur:
517 1863 560 1907 ter
569 1857 684 1908 latratus

280 1927 377 1976 Audax
389 1927 495 1976 Hecate
507 1926 595 1987 dedit,
607 1933 635 1977 et
645 1940 737 1976 saeros

221 1993 271 2044 845
283 1995 376 2045 Edidit
385 1995 462 2060 ignes
473 1993 534 2045 face
545 1993 679 2045 luctifera.

282 2063 402 2114 Peracta
411 2063 451 2112 ris
463 2069 505 2113 est
516 2065 615 2113 omnis:
627 2062 680 2113 hue
691 2068 771 2113 natos
782 2077 860 2127 voca,

282 2131 410 2182 Pretiosa
420 2147 469 2196 per
479 2148 546 2198 quos
558 2133 630 2182 dona
640 2133 751 2182 nubenti
762 2130 844 2183 feras.

283 2201 338 2261 ite,
348 2201 402 2260 ite,
412 2201 485 2261 nati,
498 2203 592 2250 matris
602 2200 737 2251 infaustae
749 2216 844 2267 genus,

283 2269 396 2318 Placate
407 2268 485 2317 vohis
496 2284 607 2320 munere
619 2276 647 2319 et
658 2269 743 2320 multa
753 2285 835 2334 prece

223 2336 275 2387 85⁰
287 2337 432 2387 Dominam
442 2337 600 2387 novercam!
611 2338 725 2399 Vadite,
736 2345 766 2388 et
776 2338 877 2390 celeres
888 2340 997 2392 domum

283 2405 395 2458 Referte
405 2418 529 2472 gressus:
540 2406 636 2457 ultimo
647 2407 774 2472 amplexu
785 2413 817 2457 ut
828 2407 912 2460 fruar.
