2262 3082
188 257 213 276 ,,
290 195 544 261 rurus‘rus.⁴
564 211 652 263 rer.
679 213 731 266 m.
879 215 912 268 ce

109 312 228 364 opstare
239 312 313 374 nulli,
326 325 425 378 capere
437 327 548 364 secures
558 313 642 380 dapes
859 315 913 368 450

109 382 194 431 Humi
204 379 353 431 iacentem!
366 379 476 431 Scelere
486 395 539 430 non
550 384 653 432 intrem
665 398 756 446 casae,

111 449 253 518 'l'utusque
264 463 359 499 mensa
370 449 476 513 capitur
488 455 603 516 ungusta
615 451 703 514 cibus3

109 517 251 568 Venenum
262 519 288 566 in
301 531 368 568 auro
380 515 488 566 bibitur.
507 517 645 583 Expertus
657 519 765 588 loquor:

108 585 211 634 Malam
220 587 309 634 bonae
325 583 463 650 praeferre
475 584 612 636 fortunam
623 587 696 637 licet.

108 653 171 703 Non
182 655 285 704 vertice
297 653 343 702 alti
355 654 454 702 montis
465 655 619 718 impositam
632 656 740 706 domum
859 659 909 708 455

107 719 315 772 Etcminentem
328 722 423 772 civitas
435 720 541 770 humilis
552 725 656 784 tremit,

108 789 168 840 Nec
179 789 267 856 fulget
279 790 339 840 altis
351 789 519 853 splendidum
530 791 611 838 tectis
623 792 702 853 ebur,

108 857 280 924 Somnusque
291 874 345 906 non
356 856 477 906 defendit
490 858 632 908 excubitor
641 875 731 924 meos;

106 926 172 978 Non
185 927 317 976 classibus
327 927 464 991 piscamur
474 931 502 975 et
512 932 586 976 retro
597 917 672 978 orere

107 997 186 1047 lacta
195 993 320 1061 fugamus
333 995 416 1057 mole3
430 1009 482 1043 non
494 1001 614 1046 ventrem
625 997 776 1064 improbum
858 999 909 1049 460

107 1063 209 1115 Alimue
220 1065 322 1114 tributo
333 1065 467 1129 gentium:
479 1063 566 1113 nullus
578 1062 641 1114 mihi

107 1135 186 1186 Ultra
198 1133 283 1184 Getas
295 1138 413 1182 metatur
424 1136 451 1181 et
460 1129 578 1182 Parthos
590 1148 668 1199 ager3

107 1202 170 1254 Non
179 1208 240 1252 ture
252 1203 378 1264 colimur,
389 1217 439 1252 nec
450 1217 543 1262 oreae,
553 1204 663 1254 excluso
674 1203 752 1266 love,

108 1272 248 1322 ornantur
258 1286 335 1334 arces
346 1271 419 1320 nulle
430 1271 588 1320 culminibus
598 1274 665 1322 meis

108 1341 239 1406 lmposita
248 1345 337 1390 mutat
348 1339 428 1400 silva,
440 1355 491 1388 nec
502 1338 607 1388 fonumt
618 1356 699 1390 marm
855 1339 906 1390 465

108 1407 247 1458 Succensa
259 1407 343 1458 multo
354 1414 463 1473 stagna,
475 1423 524 1456 nec
536 1423 630 1457 somno
643 1407 714 1470 dice,
776 1463 779 1468 ,
801 1405 803 1412 ’

106 1475 272 1544 Bacchoque
284 1491 338 1526 nox
349 1475 485 1541 iungenda
496 1477 616 1542 pervigili
629 1475 723 1526 datur:

108 1544 161 1595 Sed
174 1561 226 1596 uon
239 1547 378 1607 timemur3
391 1549 451 1594 tuta
464 1545 521 1593 siue
533 1544 587 1593 telo
599 1550 641 1594 erlt
653 1545 762 1606 domur,

107 1615 253 1680 Rebusque
266 1615 354 1680 parvis
367 1613 583 1676 ullapracstotur
596 1615 679 1680 quies.
877 1673 880 1678 Ι

105 1683 225 1732 lmmaue
238 1697 349 1748 regnum
362 1687 404 1731 est
414 1695 494 1746 posse
506 1681 562 1730 sinc
574 1697 656 1747 reguo
669 1681 733 1746 pati.
754 1741 755 1747 ἵ
856 1683 906 1730 470

107 1750 287 1801 r1.1sr.Nec
300 1749 470 1798 abnuendum
482 1754 533 1807 est,
545 1750 565 1796 si
573 1749 764 1812 dotimperium
773 1747 846 1800 (leus.

106 1833 182 1869 rur.
201 1818 260 1868 Nec
271 1817 461 1882 adpetendum.
497 1829 606 1864 rursu:
639 1815 749 1878 Frater,
765 1823 795 1866 ut
805 1832 846 1866 re·

463 1898 542 1950 goes,
554 1891 641 1950 rogat.

107 1971 183 2008 rur.
195 1951 469 2022 Rogati-Tinlendum
478 1951 664 2002 est.llrrathic
672 1951 858 2019 aliquiedolus.

106 2039 217 2076 rursu.
228 2025 326 2077 Redire
338 2023 438 2090 pictae,
451 2021 522 2072 unde
534 2021 660 2092 submota
672 2028 726 2082 est,
739 2021 822 2085 solet,

105 2096 279 2162 Reparalquc
289 2095 359 2142 vires
369 2091 456 2140 iustus
468 2092 580 2140 unri'ssas
594 2105 678 2140 amor.
852 2091 904 2141 475
961 2118 967 2126 ·
996 2143 1002 2152 ,p

107 2177 183 2214 rur.
198 2169 278 2220 Anici
288 2160 429 2226 Thyesten
440 2157 542 2208 frater?
552 2157 699 2209 Aethereas
710 2160 784 2227 prius

105 2224 256 2284 perfundet
266 2233 362 2282 Arctos
374 2235 486 2296 pontus,
499 2233 526 2278 ct
537 2227 618 2278 Siculi
631 2243 717 2294 rapax

107 2303 244 2354 Comistet
255 2303 346 2351 aestus
356 2299 441 2360 unda,
454 2305 482 2347 et
493 2297 568 2347 lonio
580 2311 659 2364 seges

104 2371 215 2421 Matura
226 2371 322 2436 pelago
334 2373 439 2434 surget,
451 2372 479 2416 et
490 2367 577 2416 luccm
590 2365 665 2416 dabit

105 2437 167 2488 Nox
179 2445 239 2488 atra
250 2438 343 2498 terris3
354 2443 415 2486 ante
428 2451 487 2484 cum
501 2435 614 2484 llanrmis
625 2449 724 2500 aquae,
736 2442 738 2447 '
852 2435 904 2484 480

38 2539 41 2545 -
107 2509 172 2557 Cum
184 2513 271 2557 morte
283 2507 353 2565 vita,
370 2519 430 2553 cum
442 2505 509 2552 niori
520 2509 616 2552 ventus
629 2503 708 2554 fidem

105 2575 398 2642 Foedusqueiungeut.
436 2585 546 2621 rors'r.
566 2573 653 2632 Quam
671 2577 761 2621 tamen
772 2567 844 2620 frau-

472 2640 532 2690 dem
543 2639 639 2689 timesl

106 2723 182 2761 rur.
202 2711 330 2762 Omnem:
343 2705 845 2775 timoriquemmcostetuammoduml
