2274 3086
259 485 437 553 Aeros
471 451 681 554 ruimus,

291 655 641 713 rurusrrmuurrrrer.

132 753 234 822 sshpeets'r
243 735 323 797 mribus
333 755 363 796 ab
378 753 459 822 inferis
465 753 588 820 -qdoeuiem
597 752 732 807 Aegisthum
745 756 778 796 orl
785 753 872 796 viridic-

75 819 124 855 tam
132 813 174 854 ubi
184 811 213 852 ab
223 812 315 854 orando
322 815 565 865 pronunciarentur.

75 901 183 1002 Opaca
192 935 312 1002 linquens
323 933 394 984 Ditis
405 933 501 986 interni
509 935 581 995 locu,

74 1005 174 1055 Adsum
185 1003 319 1070 profundo
332 1003 441 1053 Tartari
454 1005 565 1056 emissus
576 1017 669 1068 specu,

74 1073 211 1134 Incertus,
223 1077 299 1122 utres
311 1072 415 1122 oderim
427 1072 506 1122 sedes
516 1073 615 1138 magis:

74 1142 163 1209 Fugio
174 1139 311 1208 Thyestes
322 1139 440 1202 luterus,
453 1139 572 1207 Superos
583 1139 657 1207 sugo.

74 1209 201 1262 inhorret
212 1211 328 1270 animus,
341 1216 370 1260 et
381 1225 466 1276 pavor
478 1209 598 1264 membre
609 1211 726 1260 excutit:
861 1206 886 1255 5-

75 1279 165 1330 Video
176 1285 318 1344 paternos,
328 1280 384 1332 iuro
395 1278 532 1330 fraternos
541 1279 620 1330 luces.

75 1349 139 1398 lloc
149 1353 190 1398 est
199 1353 335 1398 vetustum
347 1347 475 1412 Pelopiae
486 1349 565 1398 limen
577 1347 681 1398 domus.

75 1417 149 1467 Hinc
160 1417 293 1481 auspicari
305 1417 409 1482 regium
421 1417 502 1480 capiti
514 1417 597 1465 decus

75 1485 139 1536 Mos
150 1490 192 1535 est
203 1485 337 1552 Pelasgis3
349 1483 403 1534 hoc
413 1484 508 1533 sedent
520 1485 567 1533 alti
577 1489 649 1545 toro,

78 1553 183 1614 Quibus
194 1553 310 1616 superba
320 1557 430 1617 sceptra
438 1557 579 1618 gestantur
588 1567 677 1604 manu.

76 1621 171 1672 Locus
182 1619 226 1670 hic
236 1618 376 1672 habendae
388 1622 493 1684 curiae3
504 1620 548 1671 hic
561 1621 646 1686 epulis
656 1621 740 1672 locus.

76 1690 161 1741 Libet
171 1689 277 1739 reverti.
314 1688 409 1738 Nonne
420 1688 463 1740 vel
474 1693 565 1740 tristes
576 1690 650 1739 lacus

76 1758 210 1810 Adcelere
221 1755 323 1807 satiust
343 1773 432 1806 nonne
443 1758 582 1807 custodem
595 1756 697 1824 Stygis,

77 1828 244 1894 Tergemina
255 1826 336 1892 nigris
348 1825 417 1875 colle
426 1827 575 1876 iactantem
584 1825 663 1888 iubis,

77 1897 132 1947 Ubi
142 1895 187 1946 ille
199 1894 278 1944 celeri
290 1909 389 1960 corpus
399 1895 519 1946 evinctus
529 1901 608 1945 rotae

78 1966 108 2016 ln
121 1981 151 2016 se
162 1962 293 2025 refertum
303 1963 349 2012 ubi
360 1979 409 2029 per
419 1964 561 2015 adversum
572 1965 668 2014 imitus

77 2033 219 2084 Redeunte
229 2033 311 2082 toties
321 2031 422 2082 luditur
431 2047 499 2086 saxo
511 2033 602 2096 labor3

77 2103 128 2154 Ubi
141 2101 237 2152 tondet
248 2101 303 2152 ales
314 2101 393 2152 avida
403 2101 566 2152 foecundum
576 2103 652 2152 iecur

77 2173 116 2222 Et
125 2173 196 2221 iuter
206 2170 292 2220 undas
302 2168 407 2220 fervida
418 2177 529 2221 exustus
540 2173 585 2221 siti

78 2243 168 2308 Aquas
180 2239 291 2308 fugaces
303 2254 350 2289 ore
362 2240 477 2306 decepto
490 2240 602 2306 adpetit,

78 2309 187 2361 Poenas
200 2309 311 2358 daturus
323 2308 449 2359 coelitum
462 2309 575 2374 dapibus
586 2322 691 2375 graves.

79 2377 136 2429 Sed
145 2377 190 2427 ille
200 2383 310 2437 nostrae
321 2393 383 2444 pars
395 2384 479 2446 quota
490 2383 532 2430 est
543 2378 637 2443 culpae
649 2377 749 2428 senexl

77 2447 246 2511 Reputemus
258 2459 364 2508 omnes,
376 2463 443 2514 quos
455 2447 489 2496 ob
500 2445 624 2496 infandas
635 2461 730 2497 manus

80 2513 228 2575 Quaesitor
238 2529 305 2562 urna
317 2514 449 2566 Gnossius
460 2521 553 2566 versat
561 2530 637 2566 reos:

79 2582 197 2634 Viucem
209 2579 345 2644 Thyestes
356 2585 503 2635 sceleribus
515 2590 627 2634 cunctos
638 2585 719 2648 meis3

81 2649 199 2700 Afretre
211 2650 310 2698 vincor.
346 2651 452 2703 Liberis
463 2653 558 2718 plenus
569 2653 654 2703 tribus

79 2721 111 2771 lu
123 2732 166 2769 me
178 2717 289 2783 sepultis
300 2717 405 2770 viscere
416 2721 493 2772 exedi
504 2735 573 2774 urea.

143 2785 335 2836 SemTure.
667 2791 690 2840 R
