2280 3088
317 197 517 250 TROADES.
553 199 639 248 scT.
658 199 679 248 l.
861 198 913 248 18¹(

116 305 153 354 Et
163 305 235 354 iusta
245 302 346 352 Troiae
357 299 453 350 facite!
465 299 620 350 iamdudum
631 303 709 350 sonet
878 299 911 350 65

115 372 218 424 Fatalis
228 371 289 432 lde,
300 369 396 422 iudicis
406 369 457 418 diri
468 366 576 418 domuel

199 521 364 568 onorius
386 519 622 579 crunnum,
644 482 844 565 uuounn.

174 617 259 662 Chorus
269 617 369 660 iliadem
381 629 430 659 cum
440 615 532 659 Hecuba
542 615 655 660 excidium
660 617 767 672 patriae,
778 615 882 661 Hectoris
892 625 915 663 st

118 673 209 718 Priami
218 679 315 716 mortem
325 672 456 726 legentium.

119 777 219 814 cnon
240 761 302 814 Non
312 763 378 812 rude
389 763 485 828 vulgus
493 761 663 830 lacrimisque
673 778 772 814 novum

116 832 227 900 Lugere
237 831 327 880 iubes:
339 829 391 880 hoc
402 831 536 880 continuis

115 902 230 966 ligimus
242 897 331 960 annis,
343 913 376 948 ex
389 913 442 964 quo
453 899 531 964 tetigi

115 967 253 1033 Phrygius
264 965 361 1016 Graias
373 965 472 1032 hospes
481 966 614 1032 Amyclas,

116 1036 264 1102 Secuitque
274 1033 373 1084 fretum

115 1105 199 1158 Pinus
209 1105 289 1154 matri
301 1117 379 1153 saera
392 1101 528 1167 Cybebae.

114 1173 215 1224 Decies
226 1171 330 1222 nivibus
343 1173 434 1222 canuit
443 1171 499 1232 Ide,

114 1241 164 1292 lde
174 1241 273 1291 nostris
287 1239 388 1290 nudata
399 1240 481 1306 rogis,

115 1310 154 1361 Et
165 1309 252 1376 Sigeis
263 1308 498 1374 trepidus-eampis
565 1309 571 1315 ‘

116 1377 254 1429 Decumas
264 1378 350 1426 secuit
360 1392 464 1426 messor
474 1375 585 1426 aristae

117 1447 154 1497 Ut
164 1445 236 1495 nulla
246 1444 303 1494 dios
314 1459 439 1494 moerore
451 1450 535 1505 caret,

118 1512 172 1564 Sed
183 1528 254 1563 nova
263 1511 342 1563 fletus
353 1528 436 1563 causa
445 1513 588 1562 ministrat.

117 1582 161 1632 lto
173 1581 207 1631 ad
220 1581 352 1646 planctus,

117 1651 299 1716 Miseramque
309 1650 382 1710 leva,
394 1650 499 1714 regina,
512 1663 633 1700 inanum.

117 1718 223 1783 Vulgus
235 1717 370 1768 dominam
381 1717 433 1766 vile
446 1732 598 1781 sequentur:

119 1785 181 1838 Non
191 1785 320 1840 indociles
331 1785 423 1850 lugere
435 1799 535 1833 eunius.

118 1868 163 1906 nu
173 1869 197 1903 o.
217 1853 302 1905 Fidae
314 1868 392 1906 casus
404 1852 488 1901 nostri
502 1853 614 1904 comites

120 1921 221 1974 Solvite
234 1920 346 1971 crinein!
369 1935 417 1986 per
427 1919 497 1970 colla
508 1919 593 1970 fluant

118 1991 230 2042 Moesta
240 1990 328 2056 capilli
339 1989 430 2056 tepido
442 1989 543 2039 Troiae

118 2059 234 2112 Pulvere
245 2057 350 2124 turpes!
372 2062 450 2122 paret
462 2062 570 2108 exertos

119 2124 355 2177 Turbalacertos!
375 2131 450 2176 veste
463 2125 576 2176 remissa

120 2194 279 2261 substringe
290 2196 377 2256 sinus,
388 2199 520 2260 uteroque
532 2199 610 2246 tenue

120 2263 237 2315 Pateant
248 2270 331 2313 artus.
368 2263 415 2314 Cui
430 2263 554 2327 coniugio

119 2331 239 2382 Pectora
248 2332 335 2392 velas,
348 2331 453 2396 captive
464 2329 567 2396 pudori

120 2402 216 2468 (lingat
226 2402 332 2450 tunicas
344 2399 415 2464 palla
424 2397 539 2448 solutos!

119 2469 209 2520 Vacet
220 2468 255 2518 ad
265 2469 351 2518 crebri
364 2467 477 2518 verbera
487 2467 611 2532 planetus

120 2536 279 2588 Furibunda
289 2535 395 2586 manus!
417 2535 512 2588 Placet
523 2533 567 2584 hic
580 2533 698 2596 habitus,

121 2605 230 2656 Placet:
242 2619 361 2672 agnosco
373 2603 485 2654 Troada
495 2603 611 2652 turbam.

120 2674 224 2726 lterum
233 2673 322 2724 luctus
334 2671 449 2723 redeunt
461 2676 576 2722 veteres.
